3640 5670
879 517 1058 582 -122-

373 634 431 710 Qui
457 653 576 713 versus,
592 634 763 700 seeundum
785 634 929 699 usitatam
951 640 981 696 et
1000 635 1160 714 probatam
1178 633 1347 698 scandendi
1366 633 1531 714 rationem,
1549 655 1605 718 per

336 735 569 816 beptaaimcrem
590 736 655 798 siae
677 737 892 799 tritbemimere
914 749 1064 798 caesuram
1086 735 1190 808 babet,
1213 740 1316 796 tamen
1332 751 1386 814 per
1402 735 1602 810 trochaicam,
1629 791 1637 806 ‚

334 833 506 897 auxiliante
535 833 758 914 heptemimere
783 834 888 896 scandi
910 833 1017 913 possit.
1042 833 1196 896 versuum
1221 832 1502 912 prudentianorum
1527 853 1604 914 ques

260 945 263 954 ’
333 931 506 1010 significavi
517 950 573 1012 per
588 932 821 1012 beptemimerem
835 933 900 994 stae
914 933 1129 995 tritbeme'mere
1148 947 1297 994 caesuram
1315 932 1476 1010 babentes,
1495 933 1602 1014 quinta

333 1028 386 1091 rix
400 1047 470 1112 pars
485 1029 740 1112 heptemimercm
756 1029 909 1094 sinceram
925 1036 955 1092 et
969 1028 1141 1110 simplicem
1156 1029 1261 1108 babet,
1277 1035 1313 1093 ut
1326 1029 1378 1093 bic
1396 1032 1412 1092 :'

527 1202 678 1267 Sanguine
687 1203 838 1270 justorum
852 1203 979 1254 innocue
995 1209 998 1274 t
1011 1201 1161 1254 maduisse
1174 1203 1328 1255 recordans
1341 1199 1386 1270 (C.
1403 1199 1435 1256 S.
1451 1207 1473 1272 l,
1487 1191 1551 1272 2'15)

334 1375 428 1440 ceteri
444 1377 698 1460 heptemimerem
713 1394 784 1440 eum
801 1377 955 1440 trochaica
972 1393 1121 1441 eaesuram
1135 1378 1262 1456 babent,
1279 1383 1313 1440 ut
1327 1375 1378 1438 bic
1396 1395 1402 1438 :

523 1561 629 1614 Graius
642 1561 729 1613 homo
742 1563 927 1626 augustaque
942 1558 945 1622 l
960 1560 1063 1611 Numae
1076 1563 1080 1628 t
1095 1556 1254 1624 praefulget
1267 1559 1298 1612 in
1311 1573 1375 1613 arca
1390 1555 1435 1630 (C.
1452 1556 1483 1614 S.
1498 1563 1521 1628 t,
1541 1557 1602 1632 103)

371 1739 428 1814 Qui
444 1741 587 1822 proprius
600 1757 667 1803 mos
678 1747 724 1802 est
737 1739 903 1802 Prudentia
918 1755 1043 1801 versum
1057 1737 1185 1800 sistendi
1205 1737 1368 1819 paululum
1388 1744 1457 1818 pest
1476 1739 1603 1802 brevem

331 1839 430 1903 tertiae
445 1839 504 1904 arsi
518 1841 697 1918 subjectam,
708 1838 832 1918 gravius
846 1844 914 1918 post
929 1843 1070 1916 quartam
1086 1836 1181 1913 arsin,
1194 1836 1418 1899 convenienter
1429 1836 1602 1916 Virgiliane

331 1938 452 2001 versui:
470 1939 613 2001 «Littera
626 1939 833 2000 deseruere...»
849 1936 898 1998 vel
912 1935 1087 2000 Catulliana
1101 1954 1108 1996 :
1127 1935 1261 1998 ‹Omae'a
1270 1937 1366 2015 faede
1377 1936 1511 2014 assanda
1521 1937 1601 1998 male

326 2037 481 2115 permista
500 2053 647 2116 craece»,
663 2052 755 2114 quem
777 2041 881 2098 utrem
900 2052 956 2116 per
974 2033 1126 2096 sinceram
1141 2033 1399 2114 heptemimeren,
1416 2050 1455 2096 an
1470 2051 1527 2114 per
1541 2041 1602 2097 tro·

331 2133 482 2212 chaieam,
512 2151 549 2198 ae
579 2152 634 2214 per
659 2133 915 2214 heptemimerem
943 2131 1114 2196 auxiliante
1134 2133 1290 2195 trochaica
1317 2133 1465 2195 scandere
1490 2132 1602 2196 debeas

331 2231 471 2312 ambigis.
488 2233 582 2306 Quam
598 2233 623 2294 si
642 2245 755 2295 novam
776 2233 930 2294 rationem
948 2230 1099 2310 sequaris,
1123 2245 1292 2310 versusque
1315 2230 1539 2313 prudentianes
1559 2231 1601 2295 ita

329 2329 493 2410 dispositos
507 2329 665 2410 respicias
682 2330 938 2410 heptemimerem
953 2329 1103 2393 sinceram
1118 2329 1183 2407 jam
1203 2347 1359 2410 percaram
1380 2345 1447 2392 esse
1463 2329 1602 2408 experie-

328 2427 382 2507 ris,
398 2430 514 2492 nedum
527 2429 707 2510 pollentem,
719 2428 955 2508 commisitque,
970 2434 1039 2509 pest
1052 2427 1346 2509 penthemimerem,
1363 2445 1433 2491 eam
1455 2445 1522 2490 esse
1543 2430 1603 2491 tre·

329 2526 565 2606 quentissimam
581 2528 662 2608 apud
680 2526 883 2591 prudentium
907 2543 1054 2591 caesuram
1070 2528 1157 2608 cujus
1172 2527 1351 2608 exemplem
1367 2533 1434 2590 est:
1459 2550 1471 2583 ι
1491 2527 1603 2590 Gratas

330 2627 416 2688 bema
432 2629 618 2708 accersitique
633 2628 752 2690 Nereae.
763 2675 782 2690 ..
795 2650 824 2702 s,
841 2643 946 2704 quam,
967 2627 992 2686 si
1007 2625 1097 2703 libet,
1113 2627 1349 2706 heptemimerim
1364 2644 1431 2688 cam
1448 2625 1605 2688 trochaica

294 2778 295 2784 ,
328 2723 508 2788 nominabo.
537 2725 654 2806 Nempe
679 2725 772 2802 hujus
800 2725 923 2804 generis
946 2723 1030 2802 (cem
1052 2731 1125 2788 sunt
1145 2724 1273 2787 omnine
1296 2723 1378 2804 apud
1401 2723 1604 2786 Prudentium

328 2822 566 2902 heptamimeres
591 2823 658 2894 sine
682 2821 962 2885 tritbemimeribns
981 2822 1065 2903 aad),
1087 2829 1160 2899 sunt
1181 2839 1307 2885 caesnrae
1327 2823 1397 2900 aar,
1418 2823 1503 2885 unde
1521 2830 1605 2902 patet

328 2921 569 3001 heptemimcres
597 2920 664 2983 sine
693 2921 919 2983 tritbemimerc
948 2921 1042 2983 simul
1061 2927 1091 2982 et
1110 2917 1179 2983 ¹sine
1206 2920 1361 2984 trochaica
1392 2937 1457 2982 esse
1483 2927 1603 2984 tantum

328 3021 377 3082 25.
405 3020 471 3093 Quo
499 3019 605 3100 lepore
630 3019 669 3081 sit
694 3020 754 3082 trec
779 3035 878 3098 genus
900 3037 1088 3083 caesurarum
1108 3038 1145 3083 ex
1160 3021 1339 3100 heptemere
1356 3037 1433 3082 cum
1448 3019 1604 3083 trochaica

328 3118 550 3194 constantium,
562 3117 626 3194 jam
643 3116 778 3180 ostendit
792 3116 1000 3195 virgilianum
1021 3120 1163 3182 «Littera
1174 3121 1345 3182 deseruere:
1364 3121 1437 3182 latet
1448 3139 1478 3194 »ς
1492 3119 1604 3181 contir-

188 3208 190 3214 ’
293 3261 296 3266 .
326 3223 412 3278 mant
427 3231 533 3278 omnes
548 3215 611 3278 lere
625 3214 669 3278 sic
690 3215 830 3296 dispositi
855 3205 1155 3280 Prudentii‘rersus.
1178 3216 1317 3290 Quorum
1337 3234 1434 3298 pauca
1460 3216 1602 3297 exempla

328 3313 434 3394 accipe
452 3331 459 3375 :

526 3479 765 3496 ..............
784 3445 819 3498 Se
833 3443 905 3496 deus
920 3444 1007 3502 ultre¹

520 3531 652 3584 Ediderit
665 3535 828 3597 natumque
842 3533 846 3597 t
860 3533 933 3604 sibit
950 3547 981 3585 se
995 3532 1097 3585 fecerit
1112 3532 1211 3597 ipsum
1225 3529 1346 3602 (Psyeb.
1359 3530 1428 3602 251).

326 3689 360 3752 in
377 3707 452 3770 quo,
468 3707 538 3754 eum
559 3691 644 3755 ‹sc'bs'
658 3710 712 3754 sc»
737 3691 991 3772 pronuntiatione
1002 3693 1146 3772 junctum
1166 3693 1229 3755 iere
1250 3692 1363 3769 habeo,
1382 3688 1514 3772 primam
1536 3709 1602 3754 esse

327 3805 445 3852 meram
461 3795 529 3870 pest
551 3808 667 3869 ipae»,
682 3790 811 3854 alteram
827 3791 983 3854 minorem
996 3798 1065 3871 post
1076 3789 1136 3854 sabi
1149 3789 1301 3869 suspicor.

524 3991 711 4009 ...........
730 3955 847 4021 Imperii
861 3955 1010 4008 dominam
1024 3956 1080 4008 sibi
1095 3955 1194 4008 cedere
1208 3958 1331 4008 Romam

518 4044 677 4114 Compulit,
692 4045 721 4100 et
733 4046 893 4098 simulacra
905 4045 908 4109 l
924 4047 1017 4098 Deum
1032 4051 1035 4116 t
1049 4045 1168 4110 carpeia
1179 4045 1298 4110 subegit
1312 4041 1432 4114 (Pspct.
1448 4042 1523 4112 508.)

327 4190 360 4252 in
380 4209 442 4271 qne
461 4192 609 4271 maiorem
628 4208 695 4255 csse
715 4210 834 4258 meram
861 4194 899 4257 ad
922 4194 1190 4275 heptemimerem,
1216 4193 1269 4256 sed
1293 4192 1429 4273 aliquam
1447 4193 1510 4273 jnm
1533 4199 1601 4276 post

333 4291 548 4354 «simulacra»
572 4289 694 4371 opinor.

519 4447 622 4515 Filius,
637 4445 717 4499 haud
730 4445 855 4499 dubium
869 4451 925 4518 est,
940 4443 1004 4512 agit
1016 4447 1080 4500 baec
1096 4447 1239 4499 miracula
1254 4459 1354 4500 rerum

520 4536 612 4597 Quem
626 4533 718 4606 video,
731 4537 808 4590 Deus
823 4536 894 4606 ipse,
909 4536 912 4598 Ι
930 4533 996 4598 Deil
1013 4537 1177 4589 certissima
1191 4536 1287 4600 proles
1300 4533 1425 4606 (Pspc'lr.
1441 4533 1503 4606 139)

326 4683 358 4744 in
374 4697 435 4760 quo
450 4684 548 4754 multe
561 4685 709 4762 malorem
725 4685 763 4747 ad
778 4685 966 4747 trochaicam
979 4701 1140 4763 caesuram,
1159 4684 1259 4746 levem
1274 4685 1378 4747 lersan
1395 4684 1598 4766 ad'beptemi·

326 4795 455 4856 merem,
476 4798 594 4844 moram
615 4783 719 4845 babes.
737 4782 835 4845 —Ne
856 4781 957 4862 plura,
982 4799 1061 4845 neve
1087 4781 1204 4846 diutius
1229 4781 1261 4843 in
1284 4781 1405 4845 lubrice
1432 4781 1506 4846 satis
1530 4781 1599 4845 lece

325 4893 444 4957 verser,
470 4879 638 4950 dicendum
663 4880 901 4948 esteertissime
925 4881 1095 4952 Prudentia
1110 4881 1263 4962 placuisse
1281 4881 1393 4973 saepius
1410 4882 1542 4948 verbum
1561 4898 1599 4944 ex
