3640 5670
884 508 1064 570 -138-

343 619 472 701 iusuper
491 627 560 722 octo
582 639 709 686 caesurae
734 623 880 685 extremis
902 619 935 685 itt
960 622 1091 704 pedibus
1111 621 1192 704 (post
1214 623 1356 702 quintam
1381 622 1464 687 arsin
1491 624 1521 701 7,
1545 629 1612 702 post

340 727 456 783 sestam
481 737 553 784 uua.
571 757 606 766 —
623 721 701 785 llide
727 740 819 802 supra
849 722 864 802 ἓ
893 722 955 804 tt).
986 723 1053 786 Duo
1081 723 1221 803 exempla
1250 722 1354 803 accipe
1381 739 1452 801 quaa
1479 721 1612 788 nimium

341 817 540 884 manifestum
555 819 669 883 iaciant
683 837 777 900 quam
792 820 941 900 incompti
953 837 1033 901 saepe
1048 821 1209 884 llittochaei
1224 837 1331 885 versus
1345 821 1421 884 sint:

533 967 660 1031 Adparet
673 967 800 1020 scissum
812 967 912 1020 fractis
925 967 1037 1020 loribus
1051 971 1280 1020 monumentum
1292 963 1378 1038 (Diti.
1395 964 1456 1037 151)

534 1067 626 1130 Seque
636 1067 729 1118 Deum
739 1066 889 1135 genuisse,
900 1066 1050 1120 hominem
1059 1079 1160 1132 regem
1171 1078 1286 1132 quoque
1294 1079 1449 1120 summum
1459 1061 1543 1135 (Diti.
1551 1065 1611 1135 100)

421 1289 527 1370 §ltili
544 1324 581 1336 -
598 1289 647 1371 (K)
663 1280 813 1352 Alcaiccs'
827 1286 1089 1369 hendecasyllabos
1104 1292 1177 1350 κάτα
1194 1290 1288 1370 στίχον
1304 1285 1425 1369 (Perist.
1441 1287 1531 1368 XIV).

381 1473 646 1548 Quemadmodum
660 1478 724 1541 tere
745 1495 867 1558 semper
887 1476 1058 1540 iambicum
1081 1476 1247 1540 dimetrum
1266 1491 1322 1557 per
1339 1476 1533 1556 spondeum,
1549 1491 1613 1539 non

279 1599 280 1602 ¹
342 1587 397 1653 per
409 1573 547 1637 iambum
571 1575 692 1656 incipit,
714 1576 759 1639 sic
779 1575 930 1640 alcaicum
949 1575 1045 1638 head.
1065 1574 1252 1638 Prudentius
1270 1573 1312 1638 ita
1334 1591 1445 1654 semper
1459 1572 1611 1656 disponit:

807 1740 986 1771 ------
1003 1737 1115 1776 u-uy

322 1897 325 1904 .
343 1868 406 1914 non
423 1853 491 1916 sine
506 1853 598 1917 taedio
614 1853 732 1934 aliquo,
748 1871 819 1919 cum
834 1855 1020 1935 syllabarum
1036 1869 1166 1917 numero
1186 1851 1372 1916 immutabili
1392 1851 1486 1915 etiarn
1500 1853 1614 1932 pedum

343 1950 552 2015 immutabiles
581 1953 662 2016 vices
695 1955 884 2035 superaddit.
921 1952 1073 2033 Legitima
1106 1959 1244 2015 ceterum
1278 1952 1337 2015 hoc
1368 1958 1467 2014 metro
1503 1950 1613 2029 utitur,

345 2065 495 2114 caesuram
509 2052 786 2132 penthemimerem
802 2055 948 2116 omittens
961 2069 1124 2132 cocceam,
1141 2050 1390 2130 monosyllabum
1409 2051 1448 2114 ad
1467 2067 1615 2114 caesuram

343 2165 463 2227 ponens
476 2168 650 2232 numquam,
668 2151 831 2216 elisionem
852 2153 890 2216 ad
913 2167 1062 2216 caesuram
1081 2150 1187 2213 sinens
1202 2165 1268 2212 esse
1281 2149 1337 2212 vix
1350 2149 1445 2213 semel
1459 2149 1510 2212 rel
1523 2149 1570 2212 bis
1584 2154 1615 2212 et

344 2254 426 2310 recte
441 2255 563 2312 tamen:

590 2378 690 2442 Agnes
703 2377 872 2443 sepulcrum
885 2381 947 2449 111)
962 2378 1102 2431 Romulea
1120 2377 1152 2429 in
1165 2376 1250 2430 domo
1264 2363 1387 2446 (Perist.
1402 2377 1478 2446 XIV,
1494 2373 1520 2446 1)

590 2476 706 2540 Duplex
719 2488 824 2530 corona
837 2478 897 2546 111)
911 2476 1044 2541 praestita
1056 2475 1179 2540 martyri
1191 2471 1317 2543 (Perist.
1332 2475 1407 2544 XIV,
1420 2472 1447 2543 6)

384 2615 435 2678 Nil
450 2615 545 2696 igitur
559 2616 871 2681 animadvertendum
886 2616 946 2680 nisi
956 2617 1173 2696 Prudentium,
1186 2615 1237 2678 hic
1248 2622 1283 2681 ut
1293 2615 1491 2709 plerumque,
1503 2613 1616 2694 rigidas

346 2714 438 2777 metri
451 2715 534 2794 leges
548 2713 712 2794 rigidiores
725 2714 784 2777 sibi
799 2715 918 2778 iecisse.
1062 2715 1063 2718 ’

459 2937 576 3018 §xxti
597 2973 634 2984 -
649 2937 698 3020 (L)
712 2936 841 3020 stropho
863 2891 955 3002 trium
966 2938 1180 3020 pittaciorum
1195 2934 1506 3018 mucosyttobcrum
1572 2959 1575 2966 ·

797 3037 896 3118 (Gath.
912 3039 962 3118 tv,
978 3038 1084 3102 Perist.
1102 3037 1164 3118 Vl).

386 3225 538 3288 Phataecto
554 3244 645 3290 versu
660 3229 760 3291 utitur
773 3229 959 3292 Prudentius
969 3229 1078 3292 eodem
1089 3227 1182 3291 modo
1197 3244 1259 3306 quo
1271 3225 1410 3290 Catullus
1421 3233 1452 3289 et
1460 3224 1618 3304 Martialis,

348 3323 415 3400 sed,
432 3321 532 3387 instar
546 3325 687 3389 omnium
702 3333 867 3407 poetarum
881 3327 935 3407 qui
952 3333 1018 3407 post
1032 3329 1205 3405 Augustum
1218 3325 1403 3388 exstiterunt
1415 3341 1473 3388 nec
1482 3323 1620 3387 iambum

349 3437 407 3483 nec
429 3423 599 3486 trochaeum
613 3441 745 3503 trapeam
759 3426 858 3504 primo
873 3412 950 3506 pede
966 3425 1111 3504 admittit,
1128 3425 1158 3486 11
1175 3441 1237 3503 quo
1252 3442 1309 3487 usu
1326 3423 1413 3503 quasi
1428 3422 1620 3500 vicinitatem

346 3521 520 3583 hexametri
535 3521 638 3585 valere
652 3523 871 3603 suspicandum
886 3529 942 3586 est.
958 3522 1114 3587 Ausonius
1128 3522 1214 3586 cuim
1230 3521 1378 3603 (Epistola
1391 3521 1423 3601 1)
1439 3520 1518 3584 11111
1535 3519 1619 3583 aliud

348 3635 415 3682 esse
431 3619 618 3700 phalecium
635 3621 801 3684 arbitratur
815 3622 876 3685 nisi
891 3638 1016 3686 versam

594 3762 651 3830 Qui
664 3769 918 3834 penthemimeren
931 3769 1020 3822 habet
1032 3770 1158 3834 priorem

595 3860 632 3910 111
644 3862 712 3922 post
725 3858 903 3926 semipedem
917 3859 991 3912 duos
1006 3859 1119 3913 iambos

389 3997 458 4059 Nou
475 3996 566 4060 aliter
580 3997 672 4059 sentit
687 3998 884 4078 Prudentius,
898 4005 930 4062 et
945 4006 1122 4063 constanter
1136 3997 1181 4061 sic
1195 3998 1383 4078 phaleucium
1397 3995 1501 4078 pouit:

389 4264 528 4328 casuras
567 4265 693 4330 usitatas
730 4273 868 4348 usurpat,
907 4266 1026 4330 scilicet
1064 4272 1132 4346 post
1167 4267 1350 4347 spondeum
1388 4270 1419 4326 ct
1453 4262 1621 4344 dactylum,

269 4435 270 4440 ,
350 4362 1622 4448 (---rvt·r-r-a)‚retpostpenthemimeren(---ur-tu-u-a)

349 4460 445 4525 altera
481 4461 570 4524 toties
608 4464 729 4542 quoties
766 4464 862 4528 altera
898 4465 961 4527 iere
1003 4481 1088 4528 usus.
1122 4464 1241 4544 Nempe
1273 4463 1307 4526 11
1344 4462 1467 4526 duobus
1500 4462 1623 4542 hymnis

351 4559 450 4632 (cath.
470 4560 520 4639 IV,
541 4560 647 4623 Perist.
667 4563 718 4642 vt)
737 4579 869 4624 caesuras
894 4561 1156 4642 penthemimeres
1181 4562 1277 4624 habes
1302 4561 1371 4638 ttl,
1401 4576 1532 4622 caesuras
1556 4566 1624 4640 post

350 4658 506 4738 dactylum
534 4658 600 4724 105.
626 4660 704 4725 Sunt
725 4677 832 4723 versus
853 4660 907 4738 qui
928 4660 1049 4723 nullam
1074 4677 1223 4722 caesuram
1245 4659 1360 4722 habeut
1387 4660 1423 4721 18
1448 4658 1550 4738 (Calli.
1573 4659 1622 4736 tlt,

349 4757 400 4835 13,
415 4756 465 4835 70,
482 4755 533 4836 87,
548 4757 599 4837 88,
614 4758 665 4834 89,
687 4761 740 4836 9l3
763 4759 870 4822 Perist.
892 4758 942 4838 Vl,
968 4760 1015 4837 15,
1038 4759 1090 4837 ill,
1111 4760 1162 4837 15,
1185 4759 1236 4837 at,
1258 4757 1309 4835 56,
1333 4758 1384 4836 57,
1407 4757 1456 4831 71,
1478 4756 1530 4834 93,
1555 4756 1622 4834 titt,

353 4856 421 4935 101,
439 4856 507 4935 106,
524 4857 593 4935 110,
611 4857 692 4939 tua).
