3640 5670
530 1057 537 1074 ’
603 1067 1028 1154 CONCLUSIO

216 1809 280 1888 Sat,
294 1810 450 1874 confidere
468 1808 580 1888 ausim,
602 1809 720 1872 dictum
739 1815 796 1886 est,
811 1815 846 1871 nt
865 1814 982 1887 quanto
1001 1808 1153 1888 pondere,
1170 1809 1253 1889 quod
1273 1799 1456 1890 praesertim

176 1907 214 1970 ad
228 1906 356 1986 lyricam
377 1925 443 1971 rem
461 1907 584 1987 attinet,
599 1907 692 1971 luerit
712 1905 898 1970 Prudentius
917 1906 1121 1985 intelligatur.
1146 1907 1215 1970 Non
1236 1923 1313 1988 opus
1333 1916 1379 1970 est
1400 1908 1451 1971 vel

176 2019 348 2070 memorare
371 2021 431 2086 qua
456 2007 608 2083 ubertate,
625 2021 686 2085 qua
706 2004 884 2068 diversitate
903 2003 1052 2084 polluerit
1070 2004 1125 2084 qui
1149 2005 1273 2085 epicum
1289 2019 1399 2098 genus,
1420 2016 1451 2071 et

175 2101 319 2183 lyricum,
340 2110 370 2166 et
391 2103 625 2186 preceptivum,
645 2111 676 2165 et
696 2103 871 2167 suasorium
891 2110 922 2165 et
944 2105 1149 2184 supervenires,
1171 2109 1202 2166 at
1226 2103 1399 2184 satiricum,
1421 2112 1452 2167 et

175 2199 380 2279 laudativum,
395 2201 528 2280 vicibus,
545 2217 706 2280 nunquam
726 2199 810 2282 operi
835 2200 946 2280 impar,
962 2199 1151 2263 tractaverit.
1169 2235 1208 2243 —
1222 2200 1302 2263 Vere
1322 2200 1450 2281 latinus,

175 2297 347 2364 latinorum
377 2317 449 2364 vere
480 2301 582 2378 heres,
612 2315 776 2362 romanum
811 2297 901 2379 sapit,
927 2305 962 2361 ut
994 2298 1047 2377 qui
1080 2298 1300 2379 praeceptivam
1334 2304 1453 2380 poesim

177 2397 270 2477 colat,
283 2405 370 2462 tanto
384 2399 466 2480 apud
481 2399 637 2462 Romanos
647 2397 766 2461 honore
778 2396 1011 2476 cumulatalam,
1024 2397 1266 2478 Lucretiumque
1278 2397 1312 2460 in
1324 2397 1454 2463 Humor-

177 2495 291 2577 tipeuio
317 2512 381 2559 non
408 2496 503 2559 semel
525 2496 556 2558 in
582 2495 764 2559 memoriam
789 2501 932 2570 revocet3
955 2493 1062 2558 latinis
1085 2501 1115 2557 et
1140 2495 1358 2574 coniciendus,
1382 2515 1453 2562 cum

177 2593 365 2674 eloquentiae
381 2601 411 2657 et
425 2593 560 2658 oratorio
582 2593 689 2670 qeneri
704 2610 827 2674 semper
841 2592 1014 2672 indulgeat,
1029 2591 1163 2657 feliciter
1175 2593 1301 2673 sapius,
1316 2596 1454 2659 verbosi-

178 2698 239 2755 tate
261 2708 371 2773 parum
391 2691 483 2758 attica
505 2693 661 2755 interdum
682 2692 889 2771 subrepent03
910 2690 1077 2754 latinorum
1100 2690 1286 2756 inserendus
1308 2709 1452 2774 numero,

179 2791 266 2870 cujus
280 2790 304 2853 si
322 2807 428 2855 euram
444 2789 670 2854 animadvertas
684 2789 789 2852 vivide
804 2805 909 2852 rernm
924 2788 1041 2869 species
1055 2789 1264 2870 erscalpendi,
1281 2801 1452 2872 concretas,

178 2895 213 2952 ut
233 2887 277 2952 ait
299 2889 407 2967 Ebert,
423 2886 611 2963 ὑποτυπώσεις
632 2886 798 2968 (concretes
817 2887 1144 2969 umonschonlt‘chccp)
1165 2888 1337 2966 efficiendi3
1358 2890 1453 2955 latine

179 2993 209 3049 et
226 2987 375 3065 sentiens,
398 3002 480 3062 cum,
504 2986 625 3050 feritate
643 2986 777 3064 quadam
799 2991 916 3065 raptus,
940 2985 1070 3064 diutius,
1091 2987 1214 3064 gravius
1234 2985 1268 3048 in
1288 2988 1453 3053 horrendis

178 3085 390 3149 describendis
415 3084 599 3165 spectaculis
627 3084 828 3159 immoratur;
855 3099 895 3145 ne
923 3082 1046 3145 mireris
1069 3084 1151 3162 quod
1180 3091 1264 3148 tanta
1290 3086 1453 3152 sedulitate

178 3182 303 3247 illorum
322 3183 461 3262 vestigia,
483 3182 566 3262 quod
589 3182 626 3246 ad
649 3181 773 3245 dicendi
790 3197 899 3260 genus,
921 3197 1001 3260 pone
1021 3187 1144 3245 secutus
1163 3182 1215 3260 sit,
1235 3183 1349 3263 quibus
1369 3192 1452 3250 unta

178 3281 339 3360 affinitate,
353 3280 585 3362 propinquitate
601 3282 781 3344 cohaereret.
803 3313 844 3325 -—
864 3279 932 3341 Nou
949 3286 1060 3346 tamen
1080 3297 1170 3342 servo
1185 3281 1290 3360 pecori
1306 3299 1454 3348 annume-

177 3380 306 3458 randus,
332 3396 390 3442 nec
421 3378 560 3441 imitator
588 3395 705 3456 merus,
735 3394 797 3441 non
830 3394 927 3441 novos
951 3376 1052 3439 solum
1077 3395 1185 3441 sensns
1211 3379 1325 3461 emisit,
1347 3400 1454 3447 versus

178 3478 298 3558 antiqui
323 3477 441 3559 saporis
465 3476 643 3542 recentibus
669 3477 761 3539 rebus
784 3475 832 3555 (ut
850 3477 1048 3539 commendat
1067 3475 1204 3540 Chenier
1228 3480 1344 3561 noster)
1366 3482 1453 3546 nisus

178 3576 424 3656 accommodare,
438 3576 491 3640 sed
511 3575 605 3638 etiam
621 3591 735 3638 novam
755 3573 842 3654 lyrici
863 3573 1010 3637 carminis
1030 3575 1165 3654 speciem
1187 3577 1342 3658 procudit,
1359 3596 1453 3658 quam

178 3676 318 3738 conterre
339 3674 456 3738 tentavi
475 3673 530 3737 nni
553 3681 606 3737 aut
626 3673 714 3737 alteri
734 3672 840 3753 generi
857 3671 999 3752 antiquo,
1016 3675 1105 3752 cujus
1118 3681 1223 3737 tamen
1241 3675 1365 3740 nullum
1380 3696 1453 3742 vere

178 3773 335 3854 exemplar
358 3772 439 3854 apud
462 3772 606 3851 antiquos
627 3771 753 3835 exstitit.
778 3772 912 3845 Scilicet,
937 3771 1180 3835 Cathemerinon
1208 3773 1354 3852 equidem
1379 3779 1453 3841 scri-

176 3871 290 3945 bendo,
308 3871 453 3935 Flaccum
470 3868 673 3934 christianum
695 3886 814 3949 gerere,
829 3869 998 3948 Ambrosii,
1015 3869 1149 3934 nimium
1164 3871 1319 3951 populari,
1336 3873 1452 3954 hymno

178 3976 367 4051 contempto,
389 3985 452 4032 non
480 3967 598 4032 infelici
625 3967 803 4032 curiositate
828 3974 956 4032 conatus
980 3975 1041 4045 est;
1063 3986 1184 4049 verum,
1210 3969 1452 4052 Peristepbauon

177 4068 300 4149 hymnis
314 4068 347 4131 in
364 4067 467 4131 lucem
489 4065 589 4140 editis,
607 4081 704 4145 genus
726 4064 855 4129 omnino
877 4082 994 4129 novum
1017 4065 1105 4146 lyrici
1127 4068 1275 4133 carminis
1295 4069 1327 4132 in
1349 4073 1452 4136 medio

177 4165 311 4247 positum
331 4167 402 4245 luit,
417 4163 541 4244 epicum
560 4163 644 4227 idem
667 4170 698 4226 et
717 4163 861 4244 lyricum,
878 4180 940 4242 quo
964 4171 995 4226 et
1014 4172 1121 4229 auctor
1138 4166 1290 4247 jucunde,
1307 4175 1338 4231 et
1354 4177 1454 4250 poste·

177 4264 274 4329 riores
285 4263 455 4344 jncundius
469 4264 517 4327 usi
533 4269 616 4326 suut.
634 4299 674 4307 -
687 4262 852 4343 hilegoriae
867 4280 929 4325 non
950 4270 1070 4342 auctor,
1086 4281 1158 4328 cum
1178 4273 1208 4328 et
1224 4266 1313 4329 latini
1333 4268 1452 4332 ethnici

177 4371 287 4445 poetae,
304 4380 319 4425 a
334 4362 465 4444 Virgilio
485 4363 524 4426 ad
542 4362 760 4441 Claudianum,
776 4362 851 4425 huic
872 4361 984 4443 saepius
1002 4361 1202 4443 indulserint,
1224 4372 1255 4427 et
1272 4365 1453 4431 Ambrosius

177 4461 235 4525 hac
249 4463 347 4540 ligura
359 4459 451 4541 vulgo
467 4477 542 4525 usus
556 4461 607 4539 sit,
620 4461 672 4524 sed
688 4459 848 4524 restitutor
863 4467 894 4523 et
904 4477 977 4522 vere
991 4461 1148 4541 magister,
1160 4463 1244 4541 quod
1260 4462 1341 4525 nihil
1357 4465 1453 4545 magis

177 4577 269 4641 quam
285 4559 409 4623 schema
425 4567 490 4623 erat
504 4558 537 4621 in
552 4575 649 4638 genus
663 4559 787 4622 dicendi
802 4566 987 4641 perpetuum
1003 4560 1108 4638 vertit,
1120 4568 1151 4623 et
1166 4564 1339 4642 συμέιλιιιῆς
1352 4563 1453 4644 poesis

176 4658 323 4722 inventor
341 4664 467 4739 apparet
487 4673 580 4738 quam
600 4663 662 4720 tota
685 4656 786 4721 media
807 4664 880 4720 aetas
900 4657 1008 4736 coluit,
1026 4657 1186 4738 combibit,
1203 4659 1342 4740 spiravit.
1359 4662 1453 4727 —lta

176 4759 222 4837 tit,
247 4765 303 4838 tot,
330 4765 391 4821 tam
411 4758 507 4822 variis
532 4757 656 4821 dotibus
684 4756 718 4819 in
745 4774 808 4820 uno
839 4757 967 4821 homine
993 4758 1201 4838 versantibus,
1226 4766 1261 4822 ut
1291 4761 1451 4824 Prudentii

175 4857 325 4924 memoria
337 4855 612 4938 perdiversissima
627 4854 729 4918 studia
746 4854 920 4920 litterarum
934 4855 1100 4937 prodeunti
1116 4864 1270 4938 occurrat,
1282 4858 1363 4939 sive,
1378 4875 1450 4923 cum
