3592 5668
769 522 807 531 ..
829 486 868 548 39
891 521 926 530 -

211 609 271 672 hac
283 612 388 671 tamen
403 605 584 685 exceptione
599 605 730 670 admissa
745 624 752 668 :

421 777 554 832 Visibilis
565 777 602 832 de
613 776 695 832 fonte
707 779 796 848 Deus,
811 790 870 833 non
884 778 946 844 ipse
958 778 1012 831 Dei
1025 777 1092 832 tons

421 868 565 936 visibilis3
577 868 657 922 cerni
668 868 746 934 potis
759 871 805 923 est
817 867 869 935 qui
881 867 1024 938 nascitur,
1039 869 1071 921 at
1083 879 1145 920 non

421 961 547 1014 Innatus
559 957 639 1013 corni
650 957 730 1025 potis
741 961 800 1028 ost3
811 958 884 1013 latet
896 970 930 1012 os
942 957 1038 1012 Patris
1052 956 1127 1010 illud

420 1049 591 1102 UndeDeus
608 1084 1080 1106 ...........................
1098 1043 1157 1116 (78)

245 1215 340 1280 Natus
355 1221 401 1279 ost
414 1215 508 1295 igitur
528 1216 621 1296 filius,
644 1215 699 1296 qui
718 1215 809 1282 nobis
827 1217 946 1281 iontem
964 1214 1156 1280 invisibilem
1174 1215 1370 1294 aliquatenus
1393 1216 1477 1293 pate·

206 1314 331 1380 iaoeret.
348 1313 442 1394 Cuius
456 1315 598 1395 majestas

416 1497 543 1554 Protulit
555 1499 713 1567 imperium
725 1500 820 1566 patrio
833 1501 950 1556 ructata
961 1497 1116 1567 profundo.
1133 1493 1190 1567 (93)

244 1666 382 1732 Existcre
394 1671 497 1731 autem
512 1668 568 1732 Dei
581 1669 682 1733 filium
697 1669 757 1734 hoo
771 1673 956 1748 argumento
968 1667 1141 1744 confirmat,
1152 1665 1237 1747 quod
1251 1679 1324 1728 eum
1336 1663 1369 1726 in
1378 1661 1476 1726 trium

203 1767 401 1832 hebraeorum
434 1766 560 1832 lernaea
598 1767 713 1833 viderit
745 1767 1045 1844 Nabuchodonosor,
1086 1773 1117 1830 ct
1156 1765 1194 1828 de
1227 1765 1287 1826 hoc
1321 1760 1474 1825 miraculo

203 1866 237 1929 in
264 1865 451 1929 immensum
479 1883 645 1931 excursum
672 1868 872 1950 exspatiatur.
906 1867 964 1931 llic
992 1866 1064 1930 licet
1100 1863 1349 1928 animadvertere
1386 1859 1475 1939 quasi

209 1987 222 2021 ι
233 1965 525 2046 psychomachiam»
546 1966 684 2046 aliquam
699 1982 770 2047 quae
788 1983 853 2030 non
873 1965 970 2030 semel
989 1965 1023 2028 in
1042 1962 1203 2028 Prudentii
1222 1961 1327 2025 animo
1348 1975 1473 2022 concer-

201 2068 296 2127 tatur.
323 2065 401 2128 Cum
422 2070 453 2128 et
475 2064 568 2129 fidem
592 2065 703 2129 docere
726 2066 844 2144 ardeat,
868 2072 908 2142 et,
932 2062 1059 2144 ingenio
1084 2062 1205 2144 poetico
1232 2059 1409 2134 instinctus,
1435 2057 1476 2120 ad
1540 2139 1543 2144 Ι

201 2161 363 2242 splendida
377 2163 487 2226 lubens
501 2163 651 2244 rapiatur,
664 2164 780 2245 saepius
795 2163 952 2244 angustias
972 2161 1122 2226 doctrinae
1142 2150 1288 2225 audacter
1306 2157 1473 2236 ingressus,

200 2260 227 2323 si
246 2278 422 2342 purpureus
446 2279 568 2344 pannus
591 2262 676 2327 haud
699 2263 810 2343 procul
835 2262 945 2342 fulget,
966 2263 1030 2326 huc
1054 2261 1217 2337 relabitur,
1241 2256 1359 2322 diutius
1382 2271 1473 2334 aequo

200 2367 388 2442 moraturus.

241 2461 379 2525 landem
404 2461 457 2540 (vx
470 2461 539 2543 155)
563 2462 602 2526 ad
625 2461 789 2526 materiem
811 2461 970 2543 propriam
991 2477 1159 2541 regressus,
1181 2459 1215 2522 in
1240 2455 1413 2520 sabellium
1439 2461 1470 2518 et

199 2557 392 2623 Sabellianos
403 2559 610 2646 convortitur,
627 2577 679 2624 eos
692 2560 811 2624 scilicet
828 2559 883 2640 qui
906 2576 1002 2623 unam
1022 2560 1172 2624 duntaxat
1186 2557 1219 2620 in
1238 2557 1303 2619 Deo
1321 2572 1386 2618 esse
1402 2569 1469 2634 per·

198 2673 308 2721 sonam
324 2659 564 2722 contendebant.

240 2757 357 2834 Postea,
370 2773 434 2820 non
448 2757 516 2821 sine
533 2759 673 2838 audacia,
697 2759 849 2823 extricare
868 2758 980 2822 nititur
995 2757 1050 2838 qui
1069 2756 1138 2820 fieri
1159 2753 1254 2836 possit
1272 2758 1308 2818 ut
1326 2751 1410 2818 lilius
1431 2751 1471 2815 sit

199 2860 284 2920 ortus
299 2855 354 2936 qui
364 2855 405 2919 sit
419 2863 666 2938 comperpetuus.
683 2857 762 2922 Cum
777 2863 882 2922 autem
896 2857 935 2922 sit
949 2856 1031 2920 Deus

410 3049 473 3104 Non
486 3049 698 3121 convertibilis,
713 3063 768 3106 neo
780 3050 971 3106 demutabilis
983 3061 1152 3116 unquam...
1167 3045 1243 3119 (276)

196 3188 293 3255 Filius

393 3342 499 3412 'Totus
512 3359 542 3414 ot
554 3371 591 3412 ex
603 3309 667 3415 toto
679 3359 758 3414 Deus
771 3360 827 3429 ost,
841 3358 877 3413 dc
889 3359 1004 3416 lumine
1016 3358 1129 3414 lumen.
1145 3357 1221 3430 (278)

236 3537 387 3603 blondum
412 3537 529 3602 creanti
554 3539 617 3602 Deo
633 3536 745 3604 'comes
770 3538 877 3604 aderat
905 3539 1005 3618 filius3
1029 3539 1191 3602 hominem
1215 3538 1300 3602 enim
1324 3543 1412 3619 pater
1432 3538 1471 3602 ad

197 3637 367 3718 imaginem
381 3630 438 3699 Dei
452 3636 534 3700 iecit.
551 3637 608 3700 llio
622 3643 727 3701 autem
741 3638 823 3702 Deus
839 3645 906 3703 erat
924 3639 1017 3703 filius.
1038 3639 1205 3702 lnnumera
1227 3643 1300 3700 sunt
1317 3634 1377 3699 alia
1399 3653 1470 3715 quac

193 3736 296 3800 hlium
310 3751 378 3798 esse
390 3737 489 3800 Deum
503 3736 674 3816 praedicent
688 3741 719 3800 et
731 3741 905 3802 testentur.¹
918 3738 1010 3801 llunc
1029 3736 1164 3802 declarat
1184 3738 1369 3799 basmonum
1387 3735 1468 3814 legio

194 3836 229 3899 in
252 3850 361 3915 porcos
386 3834 538 3913 immissa3
561 3835 646 3899 hunc
667 3835 721 3900 ille
740 3837 866 3916 Juvenis
890 3837 1093 3912 Christianus,
1120 3835 1185 3913 qui,
1210 3851 1281 3897 cum
1304 3835 1410 3908 sacris,
1435 3834 1467 3896 in

192 3935 310 4015 templo
325 3935 472 4014 quodam,
488 3934 613 3999 loliano
627 3936 779 4017 principe,
794 3936 939 4013 adstaret,
959 3952 1040 3999 unus
1054 3933 1157 3997 subita
1172 3932 1339 3998 tormidine
1358 3938 1467 3997 cuncta

192 4033 386 4115 permiscuit,
405 4033 549 4114 ipsosque
563 4035 737 4099 sacerdotes
752 4035 946 4130 onturbavit3
962 4035 1048 4098 hunc

299 4257 301 4260 .
411 4236 649 4257 ..............
666 4175 774 4254 florens
787 4201 822 4254 de
836 4198 990 4255 fertilitate
1003 4201 1110 4268 pudica

404 4291 471 4345 Jam
478 4293 582 4362 mater,
591 4291 852 4361 sedvirgotamen,
861 4292 1053 4346 marisinscia
1065 4294 1167 4346 motor.
1177 4288 1254 4360 (574)
1264 4343 1270 4358 ,

126 4535 133 4546 p
234 4464 395 4530 Accedunt
416 4468 517 4534 Deum
538 4469 701 4551 probaturi
729 4471 834 4535 lesum
856 4476 887 4534 et
910 4469 997 4550 Magi·
1013 4475 1045 4535 et
1071 4469 1206 4536 Orientis
1229 4469 1338 4547 stellae,
1365 4476 1396 4534 et
1420 4474 1467 4534 tot

187 4568 341 4645 tantaque
356 4565 517 4647 Evangelii
530 4568 693 4633 miracula.

233 4662 284 4728 Sic
307 4681 364 4747 per
385 4671 486 4730 totum
509 4657 725 4747 Evangelium,
753 4685 817 4733 non
839 4669 907 4733 sine
932 4669 1052 4750 impetu
1076 4667 1231 4746 discurrit,
1259 4674 1289 4731 et
1312 4666 1464 4749 miracula

187 4763 352 4829 miraculis
368 4766 542 4845 cumulans,
560 4767 644 4847 quod
658 4767 717 4830 sibi
733 4767 1010 4833 demonstrandum
1025 4773 1229 4850 proposuerat
1243 4767 1369 4831 evincit.

234 4862 352 4940 Quibus
381 4863 539 4944 absolutis,
561 4865 683 4930 vatrimae
715 4869 860 4932 naturam
895 4865 1132 4948 introspicit'ct
1158 4865 1304 4943 excutit,-
1328 4864 1464 4945 primum
