3640 5670
557 713 628 764 Fore
640 713 695 766 lroc
707 714 840 768 sacerdos
853 713 969 767 dixerat

553 802 619 853 Jam
631 803 744 866 Xystus
756 802 873 856 adfixus
887 801 978 872 cruci,

553 889 745 944 Laurentium
758 892 879 946 flentem
893 891 1014 946 videns:

552 1068 722 1141 «Praecedo,
737 1069 828 1125 frater
833 1109 928 1124 ......
945 1087 961 1122 s

552 1157 693 1211 Extrema
704 1171 762 1212 vox
774 1159 902 1226 episcopi

552 1249 786 1304 praenuntiatrix
798 1250 901 1315 gioria

552 1336 750 1393 urnnfeninc
757 1377 903 1394 .........
920 1336 1046 1409 (Persae.
1060 1344 1097 1412 11,
1111 1344 1139 1411 a,
1152 1341 1179 1411 5,
1193 1340 1220 1409 a,
1237 1337 1281 1409 rt,
1294 1339 1341 1409 ai,
1354 1338 1401 1410 ar,
1414 1337 1461 1411 aa)

280 1476 419 1558 sequitur
433 1476 590 1542 Laurentii
604 1476 799 1561 'martyrium

239 1576 273 1642 in
289 1576 398 1642 Perist.
414 1575 441 1642 V
456 1575 665 1657 (Vincentius)
728 1665 732 1674 Ι
767 1600 769 1604 ⁴

588 1715 675 1768 Beate
688 1719 802 1782 martyr
807 1753 922 1770 .......

587 1805 672 1858 Nunc
684 1806 858 1873 angelorum
870 1806 1017 1873 particeps

587 1893 725 1948 conlucis
743 1934 855 1948 .......
873 1897 948 1950 stola

586 1983 682 2046 Quam
687 2023 926 2038 ..............

586 2072 666 2126 Rivis
679 2075 791 2127 cruoris
805 2076 932 2142 laveras5

584 2162 660 2216 Cum
672 2168 701 2216 te
715 2165 833 2218 satelles
848 2165 920 2218 idoli

587 2252 683 2305 Litare
694 2253 771 2306 divis
783 2254 921 2320 gentium

592 2381 793 2395 ............
811 2341 1081 2414 cogeret.'(Perist.
1095 2344 1131 2410 V,
1146 2346 1170 2413 Ι,
1184 2341 1211 2411 9,
1228 2339 1272 2413 13)

199 2517 261 2538 .....
280 2472 420 2554 sequitur
437 2473 622 2555 supplicium
641 2476 796 2556 martyris.
817 2477 861 2540 ita
881 2493 914 2540 sc
935 2493 986 2540 res
1006 2476 1100 2540 hahet
1126 2473 1158 2537 in
1181 2471 1339 2554 plerisque
1362 2472 1474 2537 Perist.

197 2570 281 2652 (vide
298 2572 406 2636 Perist.
424 2573 475 2652 vi,
492 2573 544 2650 lX,
560 2574 599 2652 X,
617 2574 668 2652 ili,
684 2573 778 2649 xiii).

235 2670 463 2752 Nonnunquam
478 2671 512 2734 iit
526 2679 560 2735 ut
581 2673 682 2751 aptius
698 2661 999 2752 prooemio'narretio
1015 2673 1192 2737 innectitur
1210 2688 1267 2753 per
1282 2672 1474 2755 ἀποστροφὴνι

196 2776 229 2832 ut
243 2766 274 2831 in
289 2768 376 2832 cain.
393 2769 434 2832 itt
448 2768 501 2849 (de
516 2769 678 2832 nativitate
693 2769 822 2851 Christi)
836 2792 842 2835 :
917 2857 920 2862 Ι

585 2926 638 2979 Hic
652 2927 701 2980 ille
715 2927 825 2981 natalis
837 2926 911 2981 dies.
965 2999 968 3010 Ι

581 3241 704 3302 pudoris
716 3249 864 3302 intactum
877 3249 966 3301 decus

577 3339 692 3392 Honore
704 3341 809 3404 partus
822 3334 971 3394 cresceret
985 3332 1085 3404 (Cain.
1101 3337 1150 3400 XI,
1167 3335 1213 3401 49,
1227 3329 1273 3404 53,
1288 3332 1335 3401 55)

193 3522 252 3537 .....
267 3474 409 3554 seqnitur
424 3476 520 3539 divini
537 3477 665 3541 intentis
681 3485 780 3542 ortus.

228 3573 310 3636 titas
325 3575 461 3638 narratio
476 3576 578 3639 brevis
594 3577 680 3657 operi
695 3577 846 3643 inseritur
861 3578 950 3659 quasi
966 3578 996 3641 in
1017 3576 1163 3655 transitu,
1179 3591 1238 3639 neo
1257 3590 1332 3637 vere
1351 3588 1470 3636 moram

189 3671 352 3750 adhibens,
369 3673 456 3753 'quod
481 3676 606 3754 proprie
630 3681 677 3738 est
700 3675 787 3756 lyrici
814 3677 970 3740 carminis.
998 3675 1092 3755 Cujus
1118 3690 1215 3754 pauca
1231 3677 1318 3736 sunt
1339 3670 1470 3734 rationis

190 3774 346 3852 exempia;
362 3780 434 3836 sunt
450 3781 561 3838 tamen.
579 3774 629 3838 Sic
648 3775 679 3838 in
699 3775 786 3839 Catii.
804 3777 816 3840 l
831 3777 881 3853 (de
904 3776 974 3855 galli
998 3774 1123 3855 cantui:
1141 3779 1211 3853 post
1231 3770 1328 3834 muita
1344 3769 1383 3834 ed
1399 3768 1471 3864 gatii

191 3879 315 3934 cantum
329 3872 516 3951 pertinentia
532 3894 539 3936 ε

580 4003 652 4066 Quae
667 4002 710 4056 vis
723 4002 763 4055 sit
777 4002 868 4066 hujus
884 4001 966 4054 alitis

579 4092 712 4146 Salvator
724 4090 854 4144 ostendit
867 4092 960 4144 Petro.
977 4086 1079 4158 (Catu.
1095 4091 1116 4160 l,
1140 4088 1184 4156 49)

195 4270 256 4290 .....
271 4224 410 4305 sequitur
424 4221 462 4286 de
478 4222 560 4286 Petri
575 4223 806 4286 renuntiatione
822 4223 923 4285 brevis
939 4237 1101 4301 excursus,
1114 4237 1185 4284 mox
1201 4241 1207 4285 :
1230 4219 1325 4282 «Inde
1338 4225 1382 4281 ast
1396 4217 1473 4298 quot

193 4341 291 4386 omnes
312 4323 487 4386 credimus»
507 4320 585 4403 (65),
601 4331 632 4384 et
654 4323 795 4404 sequitur
818 4320 942 4402 proprie
965 4336 1104 4384 carmen.
1127 4321 1170 4382 lta
1194 4335 1228 4382 se
1250 4334 1301 4381 res
1323 4316 1417 4380 hebet
1437 4315 1469 4378 in

193 4421 281 4484 Catii.
298 4423 337 4501 X,
354 4422 463 4485 Perist.
478 4421 559 4486 xvi.

230 4517 404 4598 Aliquando
415 4525 462 4581 est
473 4517 632 4597 transitus,
644 4518 698 4581 sed
709 4519 890 4600 repentinus
906 4523 938 4581 et
952 4532 1106 4596 praeceps,
1124 4517 1190 4578 iere
1204 4514 1348 4591 fictitius,
1372 4511 1470 4592 magis

193 4617 327 4680 everbis
341 4633 465 4698 quamn
484 4617 645 4680 sententiis
668 4625 824 4681 constans.
847 4617 896 4680 Sic
918 4617 947 4678 in
968 4615 1056 4679 Catii.
1079 4615 1144 4679 vti.
1172 4614 1338 4693 Postquam
1353 4608 1470 4691 jejunii

193 4731 261 4796 quae
274 4713 338 4778 sint
351 4715 513 4779 commoda
528 4722 559 4780 et
572 4715 703 4780 virtutes
718 4716 893 4797 descripsit,
906 4723 996 4795 poeta
1012 4713 1113 4776 subito
1131 4712 1217 4775 addit
1241 4733 1248 4774 :

368 4905 372 4912 .
387 4851 451 4907 Elia
462 4852 516 4907 tali
529 4853 620 4908 crevit
632 4851 821 4907 observantia
834 4847 936 4922 (datu.
950 4853 1014 4919 vll,
1029 4847 1076 4919 26)
