3592 5668
883 477 1041 542 ..32-

327 597 395 672 sim,
412 595 691 675 Hamarttpcniem,
704 592 988 672 Penchomaehiam,
1004 593 1117 658 Cmtca
1129 593 1339 672 Symmachum
1350 595 1372 672 l,
1388 595 1501 660 Contra
1516 597 1600 677 Sym·

326 695 466 758 marham
481 695 504 758 ΙΙ
520 695 559 758 04
576 711 702 758 versum
724 692 812 755 4000.
829 692 898 754 Non
920 707 1031 772 parum
1051 693 1230 769 mendosus,
1249 693 1274 755 si
1290 711 1363 758 eum
1379 711 1451 758 cum
1466 695 1604 759 Puteano

328 795 476 860 conteras.
503 793 590 857 Licet
614 792 696 874 apud
717 806 791 854 eum
813 791 915 869 legere
940 794 1036 852 00040
1057 789 1127 870 (pro
1153 793 1260 870 scmus)
1286 791 1333 871 (G.
1350 792 1380 855 S.
1404 793 1439 867 ll,
1465 793 1537 869 704)
1552 793 1604 857 004

327 893 430 954 cattus
445 890 549 970 (llam.
565 891 649 967 045),
663 891 753 968 taam
771 890 840 968 (pro
854 889 969 962 cluant)
984 889 1032 965 (G.
1043 887 1073 950 S.
1090 889 1112 960 Ι,
1126 889 1197 964 504)
1214 906 1286 952 cum
1301 891 1384 952 chaat
1396 889 1477 954 bene
1490 891 1606 956 scribet

327 990 359 1054 G.
376 990 406 1054 S.
422 991 457 1064 ΙΙ,
473 990 545 1063 584,
566 988 626 1052 0440
647 991 802 1050 sexcenta.
827 985 896 1048 Non
918 1001 989 1048 raro
1011 991 1123 1054 textus,
1151 985 1271 1050 librarii
1293 987 1395 1067 culpa,
1424 988 1604 1070 desperatus

326 1090 433 1162 factus,
463 1091 594 1150 testatur
632 1084 797 1148 librariam
835 1082 965 1146 minime
997 1101 1015 1146 a
1048 1083 1212 1164 semetipso
1249 1083 1405 1148 intellecta
1447 1087 1604 1167 scripsisse

327 1185 473 1265 (exempli
493 1200 584 1247 causa
603 1182 676 1264 vide
695 1180 732 1242 Α.
757 1180 853 1244 loeo:
883 1182 1002 1259 000·ηο
1019 1190 1149 1244 recenset
1162 1183 1497 1262 anoammcnhm...»).
1513 1184 1604 1250 Utilis

324 1291 440 1359 tamen,
457 1299 529 1347 cum
543 1283 608 1346 tere
624 1281 728 1346 omnia
744 1296 837 1360 opera
854 1281 1015 1344 Prudentii
1037 1281 1205 1356 contineat,
1223 1283 1405 1345 commodus
1427 1289 1458 1346 ot
1477 1283 1602 1360 babilis,

325 1399 397 1448 cum
411 1397 475 1446 nou
492 1397 586 1462 prave
600 1385 738 1444 tornatas
753 1377 869 1442 litteras
887 1379 1258 1460 praebeattminusculest.
1269 1380 1395 1446 Constat
1409 1380 1495 1444 erm
1509 1381 1602 1444 loliis.

365 1481 546 1544 Psouruusts
563 1477 769 1558 (Bibliotheca
788 1476 972 1548 Nationalis,
991 1477 1095 1557 8080),
1112 1479 1342 1554 membraneus,
1361 1479 1483 1542 4004000
1497 1479 1605 1544 000040

325 1584 480 1652 exaratus
497 1575 687 1639 minusculis
699 1575 820 1648 litteris,
831 1591 869 1636 eu
886 1573 942 1636 440
958 1573 1040 1636 foliis
1055 1581 1208 1650 constans,
1220 1575 1359 1638 continet
1373 1576 1606 1640 Cathemerinon

325 1675 347 1750 l,
365 1677 400 1750 ll,
416 1676 464 1750 ΙΙΙ,
481 1675 531 1751 ΙΙΙ,
548 1675 586 1748 V,
603 1675 651 1748 Vl,
669 1673 815 1746 llll,lllll,
832 1672 882 1746 lX,
897 1672 935 1746 X,
950 1673 1189 1752 Pemetcphaaoa
1204 1673 1441 1750 quatuordecim
1452 1675 1604 1738 Cathena·

325 1774 417 1836 riam
432 1791 473 1846 xr,
490 1791 543 1848 xn,
554 1773 706 1851 Hymaam
720 1771 754 1832 m
772 1770 921 1832 Trinitate
935 1769 1035 1849 (praei.
1048 1769 1185 1850 alpach),
1198 1770 1402 1850 Apotheosim,
1413 1772 1605 1854 Homericae-

325 1872 410 1935 m'am
434 1887 451 1944 a
474 1887 566 1936 versu
592 1870 607 1930 l
634 1869 673 1936 04
697 1884 823 1932 versum
851 1867 921 1943 540,
947 1867 1217 1945 psychomantium
1242 1885 1258 1932 a
1283 1885 1376 1934 versu
1396 1868 1456 1931 842
1480 1875 1604 1935 tantum

326 1970 365 2032 ad
387 1971 492 2032 sunem.
516 1968 631 2031 Contra
649 1965 860 2045 Symmachum
878 1965 902 2040 l,
920 1965 1037 2028 Contra
1046 1965 1258 2044 Symmachum
1269 1967 1313 2040 ΙΙ,
1328 1967 1518 2030 Dittochaaa
1535 1967 1605 2030 sino

324 2068 416 2134 titulo
437 2067 506 2146 (sed
525 2067 674 2146 quodque
700 2063 913 2127 tetrasticbum
937 2062 1097 2144 propriam
1118 2063 1276 2127 rubricam
1298 2065 1416 2144 habet).
1443 2065 1604 2146 Superiori
1643 2131 1647 2138 ,

326 2165 442 2246 (8085),
468 2164 692 2244 praeferendus.
714 2163 885 2226 Puteamam
903 2161 1030 2224 videtur
1052 2160 1198 2225 librarius
1220 2162 1320 2241 sequi.
1342 2163 1431 2238 Quod
1449 2181 1514 2226 000
1533 2163 1605 2227 4400

325 2268 418 2343 patet,
435 2263 489 2324 sed
503 2260 668 2334 succurrit,
687 2260 909 2322 0004000040
927 2257 1042 2338 quibus
1058 2261 1244 2338 quaestiones
1260 2261 1397 2340 pendent
1416 2267 1550 2340 utroque
1568 2261 1602 2324 in

327 2360 432 2423 codice
448 2360 585 2434 coniers3
603 2374 667 2420 non
682 2356 778 2418 simili
792 2362 896 2419 tamen
920 2357 1050 2419 omnino
1072 2357 1290 2436 orthographia
1312 2375 1394 2432 cum,
1412 2364 1447 2421 ut
1460 2359 1603 2438 exemplo

326 2463 407 2532 utar,
437 2455 591 2520 inhc'cihhcs
624 2456 790 2528 Puteanus,
826 2453 993 2518 imbecillas
1027 2453 1206 2516 Parisiensis
1240 2455 1320 2518 8080
1351 2457 1476 2530 scribat,
1511 2455 1604 2518 satius

326 2557 491 2629 Puteanus,
523 2554 618 2618 acciae
654 2551 715 2626 hic,
753 2559 811 2616 etc.
847 2551 1022 2632 Saepissime
1052 2552 1287 2618 emendationes
1321 2560 1501 2630 occurrunt,
1538 2571 1602 2617 non

325 2653 456 2727 stelidae,
472 2658 508 2718 ut
527 2651 620 2728 fuant
644 2651 690 2728 (C.
716 2649 746 2712 S.
774 2650 796 2723 Ι,
823 2648 895 2727 504)
921 2666 959 2712 eu
985 2665 1047 2726 quo
1075 2651 1257 2714 emendator
1281 2651 1354 2714 iecit
1372 2651 1459 2731 hamt,
1477 2652 1602 2716 meliori

325 2767 430 2825 seusu,
446 2750 500 2812 004
514 2754 667 2812 renuente
679 2754 790 2822 metro,
804 2746 963 2826 00000040.
979 2746 1010 2810 S.
1027 2749 1062 2822 ΙΙ,
1079 2747 1152 2826 702)
1164 2765 1202 2812 eu
1217 2765 1280 2827 quo
1303 2750 1486 2814 emendator
1506 2749 1603 2812 accim

326 2848 409 2923 iecit,
426 2848 507 2911 aliae.

365 2947 545 3009 Pnnrsrunsrs
564 2943 771 3025 (Bibliotheca
795 2943 967 3008 Nationalis
988 2943 1147 3008 Naaactles
1172 2944 1371 3032 acquisitione
1396 2945 1505 3009 latiam
1529 2945 1600 3021 444,

325 3052 409 3107 acute
423 3044 526 3123 Dictat)
542 3044 591 3125 (Ι),
608 3043 827 3105 membraneus
838 3040 1001 3116 vitulinus,
1014 3048 1145 3104 venusta
1155 3042 1269 3122 specie,
1282 3041 1468 3105 minusculis
1478 3043 1600 3119 litteris,

247 3131 250 3138 ’
326 3159 364 3205 ex
377 3143 434 3205 ml
456 3140 538 3204 toliis
561 3147 714 3215 constans,
738 3145 771 3202 ut
791 3140 869 3202 mihi
884 3139 1009 3202 videtur
1028 3139 1149 3203 decimo
1164 3140 1214 3202 vel
1229 3139 1397 3203 undecimo
1412 3141 1518 3204 seculo
1534 3157 1604 3203 exa·

326 3246 421 3312 ratus,
439 3243 576 3311 ornatus,
593 3239 644 3300 vel
659 3243 805 3301 oneratus
814 3237 978 3317 permultis
992 3236 1109 3300 notulis
1123 3235 1189 3298 sive
1204 3235 1469 3312 interlinearibus,
1485 3236 1552 3300 sire
1567 3236 1601 3300 40

325 3335 518 3414 marginibus
526 3335 684 3415 adpositis.
692 3335 837 3400 eontinet
845 3334 1075 3398 cathenarum
1086 3334 1107 3408 l,
1120 3333 1154 3407 ll,
1167 3334 1272 3408 lll,lll,
1281 3333 1318 3408 V,
1328 3333 1377 3407 tu,
1387 3334 1533 3413 Vll,lllll‚
1547 3337 1598 3410 lll,

326 3434 365 3502 X,
381 3433 619 3513 Pemstcphaaan
636 3433 661 3509 Ι,
675 3432 714 3509 V,
729 3433 765 3510 ll,
779 3433 831 3508 lll,
851 3431 928 3509 lllll,
944 3432 1007 3504 Xll,
1023 3431 1073 3506 IV,
1089 3431 1166 3503 ΙΙΙΙΙ,
1189 3431 1238 3508 ΙΙΙ,
1251 3431 1299 3502 Vl,
1316 3431 1380 3510 vlt,
1400 3433 1453 3510 lll,
1467 3433 1543 3511 Vlll,
1559 3435 1599 3512 X,

327 3531 586 3594 Cathctemahnom
594 3532 645 3605 ΙΙΙ,
655 3530 718 3604 llll,
726 3529 932 3610 Apothmtim,
945 3529 1225 3607 Psachamachc'am,
1238 3514 1514 3610 Hamacttpeatam,
1526 3532 1602 3594 Gaa-

327 3637 378 3692 tca
384 3629 625 3708 Symmachaml,
635 3629 749 3695 amaro
760 3627 972 3706 Symmachum
978 3628 1014 3705 ll,
1023 3628 1184 3708 Epilopum
1194 3629 1252 3690 sub
1263 3628 1321 3692 400
1333 3628 1458 3700 rubrica
1471 3630 1603 3710 ‹Iacipit

326 3728 361 3790 dc
383 3728 533 3808 opusculis
553 3728 655 3804 sats»
686 3726 822 3803 denique
847 3727 1036 3792 Dittochaoa
1057 3727 1117 3789 boc
1141 3726 1260 3789 titulo:
1283 3731 1495 3810 «Κηρωκηνη»
1519 3728 1599 3808 (ecc).

327 3827 384 3890 llic
399 3827 507 3900 codex,
523 3825 549 3894 si
570 3841 634 3888 000
653 3823 784 3890 maximi
802 3823 948 3904 ponderis
968 3830 1023 3899 est,
1046 3830 1081 3887 ut
1105 3824 1159 3902 qui
1182 3840 1245 3886 000
1267 3824 1352 3888 inter
1369 3825 1602 3904 antiquissimos

326 3929 479 3997 versetur,
500 3928 604 3984 tamen
625 3939 698 3985 cura
718 3921 796 3986 mibi
819 3921 1018 4000 dignissimus
1037 3921 1173 3996 videtur,
1190 3922 1415 4000 Prudentiique
1428 3923 1607 3986 editoribus·

328 4020 604 4094 commendandus,
623 4037 694 4082 cum
713 4026 744 4082 et
762 4036 871 4084 omnes
891 4026 921 4081 et
939 4019 1074 4082 editores
1092 4026 1122 4082 et
1137 4019 1270 4095 criticos,
1294 4019 1355 4082 nisi
1376 4020 1478 4096 lallor,
1495 4027 1603 4100 praete-

327 4116 425 4206 rierit,
442 4123 473 4180 et
487 4117 617 4182 minime
631 4119 799 4184 mendosus
815 4123 972 4198 appareat.
989 4119 1115 4180 Praestat
1126 4119 1220 4191 enim,
1238 4118 1369 4196 quodad
1384 4119 1463 4181 illud
1477 4118 1598 4193 attinet,

327 4233 392 4278 non
415 4215 518 4281 solum
543 4215 723 4290 Oxoniensi,
746 4215 969 4294 Bongnrsiano,
993 4220 1023 4279 et
1050 4215 1096 4277 illi
1117 4215 1331 4279 Alexandrino
1360 4233 1454 4295 quem
1478 4215 1601 4279 Dressel

326 4319 410 4376 tanta
436 4313 635 4392 prosequitur
658 4313 870 4386 veneratione,
896 4313 951 4376 sed
976 4319 1007 4375 et
1029 4313 1087 4392 ipsi
1111 4314 1176 4376 iere
1203 4313 1350 4388 Puteauo,
1381 4313 1432 4377 cui
1462 4319 1600 4377 ceterum

325 4409 522 4476 simillimum
545 4428 579 4474 se
603 4412 728 4490 praebet.
755 4411 884 4475 Nullum
905 4409 1028 4490 repperi
1056 4409 1090 4473 in
1112 4428 1149 4474 eo
1179 4412 1293 4486 locum,
1316 4412 1367 4474 vel
1396 4427 1468 4475 cum
1494 4427 1601 4474 errare

326 4507 462 4582 uidetur,
490 4525 528 4574 ex
548 4525 611 4587 quo
633 4509 754 4574 librarii
774 4508 930 4588 imperitia
951 4508 1054 4587 palam
1077 4510 1144 4586 liat;
1166 4511 1251 4588 quod
1264 4511 1304 4572 04
1319 4510 1475 4572 incuriam
1490 4509 1604 4572 attinet

326 4607 433 4669 nullus
448 4623 512 4669 non
528 4608 625 4670 codex
639 4607 767 4669 mendas
777 4607 904 4686 praebet,
922 4605 973 4669 hic
988 4623 1061 4669 vere
1076 4623 1173 4672 raras.
1187 4610 1257 4671 Non
1271 4607 1339 4670 sine
1354 4607 1453 4687 pretio
1468 4605 1599 4680 notula,

358 4820 385 4882 (¹)
402 4821 446 4871 Sic
459 4821 486 4870 in
499 4820 625 4883 catalogo
636 4821 760 4883 signatus
774 4831 845 4868 euno
859 4818 926 4869 4884.
