3592 5668
312 595 354 655 >in
368 600 509 673 poemate
530 595 595 657 «De
608 593 729 657 Pascha
742 594 863 658 Domini
871 619 881 650 ι
895 595 1029 658 ridenda
1041 601 1087 657 est
1101 594 1194 658 arbor
1208 595 1324 674 patula,
1341 595 1494 670 sublimis,
1505 597 1590 672 felix,

322 692 412 770 longe
435 692 569 770 lateque,
595 691 718 771 longius
743 692 776 754 in
801 692 866 754 dies
887 693 993 768 effusa,
1020 691 1107 770 cujus
1131 694 1189 756 sub
1213 694 1312 771 figura
1332 692 1445 756 Christi
1474 710 1591 756 numen

321 787 515 868 intelligitur.
532 791 648 853 Crebro
659 789 749 852 nobis
763 792 888 869 posthac
902 789 1030 868 huiusce
1045 789 1130 852 modi
1146 795 1279 872 epaphra
1294 797 1469 853 occurrent.

361 889 432 949 llaec
453 893 525 950 sunt
544 888 791 951 Christianorum
812 894 901 951 aetate
921 888 1124 951 Prudentium
1150 887 1408 969 praecurrentium
1427 889 1514 968 epira
1529 906 1594 952 car·

320 985 415 1059 mina,
432 985 529 1064 magis
544 985 644 1048 ethica
657 1002 750 1063 quam
763 986 859 1065 opica,
874 987 1005 1049 docendi
1018 991 1252 1062 censeremur,
1266 987 1393 1065 grandia
1406 987 1593 1066 plerumque

320 1083 491 1159 sententiis,
508 1083 620 1163 saepius
634 1083 699 1146 sive
715 1083 855 1147 oratione
869 1083 935 1146 sive
950 1084 1094 1164 prosodia
1113 1085 1272 1147 mendosa.

643 1287 726 1370 §Vl
744 1324 783 1332 ·-
799 1288 965 1352 Christiani
978 1288 1075 1351 Poetae
1088 1322 1127 1334 -
1141 1287 1253 1368 Lprici.

361 1473 408 1536 Au
422 1491 496 1536 vera
519 1473 676 1553 propriam
698 1481 728 1536 et
747 1475 946 1538 domesticam
967 1475 1215 1538 Christianorum
1238 1482 1336 1538 artem
1357 1475 1543 1539 accedimus.
1568 1475 1592 1537 li

322 1578 411 1634 erant
425 1571 591 1635 Christiani
607 1572 673 1649 qui,
690 1572 750 1634 uisi
762 1572 826 1650 jam
841 1573 999 1635 inclinatis
1015 1578 1045 1635 et
1059 1573 1227 1635 deminutis
1242 1573 1346 1635 latinis
1365 1573 1475 1635 litteris
1493 1573 1595 1636 venis-

321 1675 399 1744 sent,
427 1669 562 1749 amplam
584 1675 615 1732 et
638 1685 712 1732 vere
736 1670 874 1733 vividam
888 1671 1016 1750 lyricam
1037 1671 1157 1750 poesim
1176 1671 1274 1734 veteri
1297 1671 1403 1733 Romae
1425 1670 1590 1734 dedissent.

320 1767 408 1845 Lyrae
429 1767 514 1828 anim
534 1768 710 1829 vehementi
732 1767 828 1830 animi
850 1769 960 1831 ellectu
987 1786 1063 1848 opus
1090 1773 1145 1843 est,
1162 1769 1273 1845 hisque
1289 1768 1442 1848 imprimis
1455 1769 1593 1832 motibus

322 1864 375 1941 qui
391 1863 573 1942 ereligione
587 1865 742 1930 oriuntur.
759 1865 832 1939 Quae
848 1881 939 1928 causa
955 1872 1003 1928 est
1017 1882 1072 1928 cur
1087 1865 1218 1928 Romani
1234 1867 1298 1928 iere
1313 1882 1475 1944 nunquam
1486 1867 1545 1928 hoc
1560 1865 1593 1927 in

321 1977 435 2038 genere
454 1962 674 2039 excelluerint3
698 1979 779 2036 cum,
797 1963 847 2026 vel
869 1962 989 2025 Horatii
1013 1968 1164 2042 tempore,
1181 1962 1246 2040 jam
1267 1958 1438 2025 senescenti
1464 1963 1595 2041 antiquo

323 2059 420 2134 cultu,
436 2059 515 2122 nihil
530 2059 569 2121 sit
585 2077 708 2122 carmen
725 2061 857 2140 lyricum
872 2061 932 2123 nisi
947 2060 1038 2122 otiosi
1051 2059 1175 2123 artificis
1190 2066 1220 2122 et
1233 2060 1353 2123 remissi
1366 2060 1593 2137 jocus,Graeco·

322 2175 393 2219 rum
414 2158 453 2220 ad
475 2158 680 2220 imitationem
702 2176 877 2238 expressus3
901 2164 1005 2238 postea
1028 2160 1092 2221 iere
1118 2158 1246 2220 omnino
1268 2159 1446 2236 languescat
1464 2164 1495 2220 et
1508 2159 1596 2220 obso-

323 2255 427 2318 lescat.
438 2256 605 2319 Christiani
617 2273 691 2319 vero
703 2257 865 2319 materiam
879 2257 965 2336 lyrici
982 2255 1128 2318 carminis
1143 2255 1324 2329 afferebant,
1338 2271 1433 2333 quam
1447 2254 1592 2336 amplam,

324 2369 418 2430 quam
442 2354 581 2427 divitem,
609 2369 702 2431 quam
725 2359 856 2417 novam?
882 2355 1027 2418 Obstabat
1048 2358 1153 2416 tamen
1174 2353 1343 2431 quominus
1364 2358 1485 2416 mature
1509 2352 1595 2416 omni

324 2452 416 2515 laude
429 2452 514 2530 digni
529 2454 641 2529 forent,
655 2453 793 2531 primum
805 2454 889 2532 quod
900 2452 1003 2532 lyricae
1015 2451 1167 2532 imprimis
1177 2450 1263 2531 poesi
1274 2452 1362 2514 nullo
1373 2452 1467 2514 modo
1478 2452 1595 2514 medio-

325 2549 369 2612 cri
384 2566 449 2612 esse
464 2549 653 2626 conceditur,
671 2551 751 2630 leges
768 2557 873 2614 contra
887 2550 1086 2630 multiplices,
1104 2549 1283 2625 recondite,
1304 2549 1482 2612 subtiliores
1497 2549 1595 2629 impo-

324 2654 453 2723 nuntur,
482 2648 554 2711 dein
580 2649 663 2727 quod
690 2649 824 2712 multum
850 2650 957 2712 aberat
982 2655 1017 2712 ut
1045 2648 1209 2728 praesentia
1235 2647 1273 2709 ad
1298 2647 1486 2726 exemplaria
1507 2647 1595 2726 lyrici

278 2790 283 2800 .
325 2745 485 2807 christiani
499 2763 565 2808 sese
576 2748 809 2809 accommodare
823 2752 958 2825 possent,
974 2745 1110 2823 denique
1135 2745 1220 2823 quod
1241 2745 1382 2824 plerique
1405 2744 1484 2806 nihil
1509 2744 1596 2807 aliud

324 2842 460 2921 primum
474 2849 690 2922 spectaverunt
704 2845 763 2906 nisi
779 2852 813 2907 ut
827 2844 967 2908 fidelium
983 2843 1113 2918 animos,
1130 2843 1257 2905 rudium
1273 2859 1347 2905 sane
1362 2848 1392 2905 et
1411 2859 1491 2922 pene
1504 2843 1597 2905 rusti·
1634 2905 1640 2914 ,

327 2957 445 3016 corum,
472 2941 633 3005 allicerent
663 2952 693 3004 et
722 2943 908 3006 solarentur.
938 2943 1026 3004 Unde
1054 2939 1166 3003 accidit
1194 2945 1238 3015 ut,
1269 2957 1340 3002 cum
1375 2941 1407 3002 in
1438 2940 1596 3019 plerisque

326 3039 573 3102 Christianorum
589 3041 747 3122 operibus,
761 3048 827 3103 tum
838 3041 994 3120 precipue
1010 3039 1042 3100 in
1058 3039 1173 3118 lyricis,
1187 3044 1251 3101 tam
1262 3038 1364 3118 impar
1372 3037 1532 3100 sententiis
1546 3054 1595 3100 ars

328 3136 461 3210 dicendi,
475 3139 626 3200 sermonis
640 3139 691 3200 vel
705 3138 876 3212 sinceritas,
895 3143 1047 3201 occurrat.

365 3233 540 3296 Verisimile
565 3241 610 3296 est
636 3235 882 3298 Christianorum
903 3226 1071 3314 brrrohogls'r
1090 3234 1235 3297 orientali
1261 3235 1382 3296 elonte
1397 3240 1497 3296 ortam
1516 3250 1593 3296 esse.

327 3332 461 3408 Constat,
479 3333 578 3396 Plinio
604 3334 732 3395 iuniore
747 3341 884 3407 auctore,
908 3349 1033 3396 carmen
1058 3334 1097 3396 ad
1121 3334 1278 3396 Christum
1298 3331 1383 3420 omni
1405 3332 1555 3407 memoria
1577 3349 1595 3394 a

327 3429 510 3492 Christianis
525 3431 557 3492 in
571 3431 740 3509 provinciis
762 3430 966 3494 orientalibus
980 3448 1036 3510 per
1049 3430 1201 3510 symposia
1217 3435 1375 3493 cantatum
1398 3430 1501 3493 inisse.
1520 3429 1595 3502 Quae

328 3527 457 3600 cantica,
470 3529 579 3591 saltem
599 3547 636 3592 ex
657 3537 742 3608 parte
763 3528 995 3609 extemporalia,
1018 3530 1112 3606 vulgo
1137 3527 1169 3588 in
1195 3528 1314 3590 oriente
1335 3523 1482 3606 usurpata
1502 3527 1597 3590 luisse

328 3627 489 3687 confirmat
503 3625 631 3688 Sanctus
647 3627 759 3690 Paulus
775 3627 813 3707 (¹)
829 3643 845 3688 a
861 3643 922 3704 quo
938 3625 1111 3704 accepimus
1134 3625 1212 3688 nihil
1235 3625 1321 3687 aliud
1340 3626 1407 3686 haec
1426 3625 1519 3687 luisse
1534 3641 1597 3686 car-

325 3723 410 3786 mina
422 3740 516 3801 quam
526 3725 658 3788 solutam
672 3724 955 3798 orationemmodo
967 3723 1103 3801 quodam
1114 3729 1144 3784 et
1155 3739 1297 3795 numero,
1310 3721 1491 3801 popularier
1502 3738 1597 3799 quam

326 3821 564 3899 simplicissimo,
580 3829 713 3885 servato.
730 3822 804 3895 Qua
824 3837 894 3885 cum
911 3822 951 3884 ita
968 3826 1080 3893 essent,
1101 3821 1245 3894 restabat,
1262 3819 1398 3898 primum
1412 3826 1447 3881 ut
1464 3819 1515 3881 hic
1529 3836 1597 3882 mos

326 3935 365 3979 ax
381 3919 499 3981 oriente
521 3921 560 3981 ad
584 3920 727 3982 occiduas
751 3926 852 3999 partes
866 3918 980 3982 sensim
993 3917 1236 3996 transmigraret,
1252 3916 1365 3979 deinde
1383 3923 1418 3979 ut
1432 3909 1597 3995 populares

326 4015 376 4077 isti
401 4016 525 4079 numeri
550 4017 589 4078 ad
616 4023 731 4080 certam
757 4015 980 4096 probatamque
1004 4022 1178 4078 metrorum
1198 4014 1353 4077 rationem
1368 4013 1577 4092 dirigerentur
1584 4035 1593 4090 ;

326 4132 461 4192 quorum
476 4121 645 4192 utrumque
659 4115 809 4194 gradatim
825 4117 1019 4194 occultaque,
1037 4113 1156 4176 hilario
1171 4118 1276 4175 autem
1293 4111 1475 4174 Pictaviensi
1491 4110 1598 4190 impri-

325 4212 384 4274 mis
399 4217 429 4274 et
445 4212 608 4297 Ambrosio
623 4217 652 4274 et
667 4213 797 4274 Damaso
814 4213 1044 4290 adjuvantibus,
1063 4209 1226 4288 contigisse
1240 4209 1375 4272 ridetur.

366 4310 513 4371 Sanctum
528 4310 681 4372 Hilarium
697 4309 792 4383 anim,
809 4316 972 4388 postquam
987 4308 1041 4371 diu
1057 4307 1090 4369 in
1106 4306 1225 4370 oriente
1238 4312 1378 4370 versatus
1399 4312 1454 4381 est,
1470 4306 1598 4385 hymno-

326 4425 396 4469 rum
426 4407 642 4487 compositioni
665 4407 843 4471 incubuisse
866 4414 959 4488 patet,
985 4407 1085 4483 lisque
1112 4405 1299 4484 subjudice
1328 4409 1373 4467 est
1398 4421 1461 4466 non
1487 4409 1594 4466 utrum

326 4507 512 4585 hymnorum
536 4506 669 4586 scriptor
693 4506 787 4568 luerit
815 4523 925 4579 necne,
952 4511 983 4568 at
1011 4504 1066 4583 qui
1097 4503 1159 4567 sint
1185 4503 1291 4583 hymni
1322 4501 1505 4565 Pictaviensi
1534 4501 1598 4580 api·

323 4621 417 4683 scopo
432 4604 602 4672 tribuendi.
620 4603 717 4684 Opera
739 4611 843 4667 autem
863 4603 956 4684 lyrica
973 4618 1043 4680 quae
1058 4602 1244 4682 plerumque
1260 4600 1378 4664 auctori
1394 4598 1512 4663 hilario
1528 4598 1601 4662 assi·

354 4808 384 4878 (¹)
402 4807 521 4875 Epistola
533 4805 569 4859 od
583 4807 716 4874 liplrcst'as.
