3592 5668
198 643 363 709 accederet
377 643 478 725 (Gaul.
494 644 547 721 lX,
559 643 604 725 ll);
622 649 715 707 testes
731 644 836 724 hymni
852 645 909 723 ipsi
924 646 1057 706 maxime
1072 644 1237 724 populares
1260 643 1308 706 his
1330 642 1471 708 iambicis

198 743 338 808 dimetris
361 742 479 823 scripti,
503 743 557 822 qni
580 741 723 822 vulgares
744 742 866 805 numeri
887 749 978 804 eraut
997 740 1047 823 (ἱ),
1070 743 1157 804 testis
1181 759 1283 805 sermo
1309 743 1476 822 depressus

197 843 392 923 plerumque,
410 841 457 904 rel
472 840 579 920 hymni
595 841 744 921 cuiusque
758 840 907 918 brevitas,
923 839 961 903 ad
973 839 1138 903 cantilena
1150 841 1286 920 speciem
1302 849 1334 902 et
1347 840 1475 902 modum

197 940 438 1016 accommodata,
454 955 552 1020 eaque
566 955 636 1019 qnae
650 939 787 1002 animum
808 938 948 1002 tidellum
971 937 1155 1016 remitteret,
1180 954 1242 1002 non
1266 955 1374 1001 rocem
1391 939 1474 1001 lran·

198 1047 296 1119 geret.
323 1040 403 1114 Quin
426 1039 520 1102 etiam
544 1037 730 1102 documento
749 1045 822 1100 sunt
850 1037 1003 1118 quedam,
1029 1051 1098 1099 rara
1124 1037 1280 1117 equidem,
1309 1035 1473 1100 manifesto

199 1148 314 1213 tamen,
330 1144 362 1200 et
376 1155 444 1219 quae
457 1136 553 1200 miror
567 1137 668 1200 Baehr
678 1135 714 1218 (²)
730 1135 928 1216 praeteriisse,
945 1135 1086 1198 similiter
1101 1135 1311 1199 desinentium
1327 1153 1474 1199 versuum

199 1238 337 1318 vestigia.
353 1238 488 1314 Quorum
502 1236 652 1316 exempla,
671 1237 695 1300 si
712 1237 801 1316 uelis,
817 1236 943 1300 attende
960 1235 1086 1318 (hymn.
1104 1235 1147 1315 l):

570 1421 673 1474 Gallus
684 1420 816 1485 jacentes
828 1420 940 1474 excitat

570 1511 608 1563 Et
620 1511 822 1588 somnolentos
835 1509 981 1576 increpem

569 1600 673 1653 Gallus
687 1602 831 1664 negantes
843 1598 956 1664 unguib

569 1689 653 1742 Gallo
666 1691 789 1742 canente
801 1701 868 1753 spes
881 1688 969 1754 redity

569 1777 665 1842 AEgris
678 1777 759 1830 salus
772 1776 954 1842 refunditur,

569 1867 667 1918 Muoro
680 1866 803 1918 latronis
817 1867 966 1932 conditur,
1046 1862 1049 1866 ’

569 1955 671 2021 Lepsis
684 1955 756 2009 lldes
768 1956 935 2010 severtium.

237 2129 344 2194 ltidem
356 2130 387 2194 iu
403 2146 486 2194 nono
503 2133 645 2212 llymno:

570 2299 678 2350 Sumam
691 2297 807 2352 refectis
818 2298 955 2360 artubus,

569 2389 671 2452 spreto
683 2388 775 2440 cubili
787 2388 955 2454 surgimus,
1038 2399 1042 2405 ’

569 2476 667 2546 Nobis,
681 2479 774 2543 pater,
789 2477 982 2532 concentibus

568 2566 675 2618 Adesse
688 2569 718 2618 te
729 2566 925 2631 deposcimus.

237 2741 308 2803 llaec
327 2741 462 2805 carmina
483 2748 556 2806 sunt
574 2743 639 2808 sive
660 2743 699 2808 de
719 2744 906 2824 quotidianis
921 2743 1168 2807 Christianorum
1190 2743 1271 2806 curis
1294 2752 1325 2805 et
1346 2739 1469 2819 studiis,

193 2839 260 2900 sive
278 2839 316 2901 de
338 2837 424 2920 lestis
446 2839 556 2903 diebus
577 2841 660 2920 apud
684 2842 873 2906 Christianos
899 2843 1065 2922 usurpatis.
1090 2843 1229 2922 Hymnus
1254 2841 1266 2902 l
1292 2847 1470 2924 nascentem

193 2937 275 2999 diem
291 2937 443 3015 celebrat3
468 2940 493 3002 ll
515 2948 584 3003 cote
604 2958 741 3004 soranum
763 2941 958 3019 inscribitur,
989 2941 1027 3004 lll
1054 2940 1092 3003 de
1113 2939 1202 3002 tertia
1226 2941 1301 3002 hora
1325 2945 1383 3010 est,
1411 2954 1469 3016 qua

192 3043 333 3100 mortuns
349 3042 396 3100 est
410 3037 565 3116 Christus3
581 3040 621 3104 tv
636 3039 676 3102 de
691 3039 813 3103 Christo
828 3047 992 3117 nascente3
1012 3042 1039 3105 V
1061 3040 1100 3102 de
1114 3037 1272 3117 Evangelii
1297 3037 1468 3110 miraculis;

192 3135 234 3199 Vl
249 3135 377 3198 brevem
392 3141 511 3200 tantum
527 3154 653 3216 precem
674 3139 828 3215 continet;
853 3139 907 3203 llll
928 3139 1125 3219 ampliorem;
1147 3137 1212 3202 Vlll
1232 3142 1383 3214 martyres
1406 3135 1470 3196 lau·

193 3232 283 3296 dibus
298 3232 417 3297 extollit
424 3254 433 3310 ;
457 3235 497 3298 lX
514 3237 683 3300 matutinus
705 3243 752 3300 est
759 3257 768 3314 ;
788 3238 866 3301 Xad
883 3237 1001 3317 vigilias
1017 3237 1282 3311 accommodatus;
1300 3234 1340 3298 Xl
1357 3251 1470 3314 uesper-

193 3333 296 3410 tiaos,·
311 3333 365 3396 Xll
379 3334 417 3398 ad
432 3333 544 3398 Christi
559 3334 719 3399 salvatoris
734 3335 869 3401 landem.
884 3339 949 3400 lam
971 3344 1055 3417 patet
1077 3335 1280 3399 Prudentium
1298 3340 1406 3414 aperte
1431 3332 1468 3395 ad

194 3429 347 3495 Ambrosii
369 3431 573 3497 imitationem
594 3449 663 3496 sese
681 3434 862 3515 applicasse,
883 3451 954 3498 oum
978 3433 1173 3498 Ambrosiam
1193 3433 1312 3511 primus
1333 3432 1468 3512 hymnus

193 3535 225 3592 et
238 3545 342 3593 nonus
357 3530 516 3594 Prudentii
531 3533 686 3595 secundus
702 3533 852 3612 (Hymnus
865 3533 1049 3614 matutinos)
1063 3531 1133 3595 lacti
1150 3531 1224 3607 sint,
1247 3528 1468 3593 Ambrosianus

192 3627 347 3692 secundus
368 3629 525 3693 Prudentii
548 3639 653 3694 sextus
676 3630 827 3712 (Hymnus
848 3639 918 3695 ootc
940 3633 1101 3710 somnum),
1125 3629 1347 3692 Ambrosianus
1370 3628 1468 3690 unde-

192 3725 290 3791 cimus
313 3728 473 3791 Prudentii
499 3729 625 3808 quintus
650 3728 800 3808 (Hymnus
825 3731 865 3792 od
889 3731 1041 3792 domnonia
1066 3728 1221 3808 turcum·
1244 3743 1312 3788 cum
1340 3725 1469 3805 insuper

193 3833 321 3888 octavus
342 3826 496 3890 Ambrosii
521 3828 654 3908 hymnus
676 3828 761 3909 qnasi
788 3829 1022 3908 Peristcpbcooo
1045 3827 1223 3889 universnm
1250 3830 1466 3903 argumentum

194 3924 354 3987 continere
367 3925 521 3989 videatur.
536 3925 603 3988 Non
621 3927 678 3989 hoc
695 3931 823 3990 tantum.
842 3927 871 3989 Si
889 3927 970 3988 enim
987 3932 1152 4004 utrumqne
1169 3929 1292 4003 poetam
1313 3923 1466 3993 conteras,

193 4023 353 4100 apparebit
377 4023 580 4088 l'rudentium
606 4041 667 4086 non
695 4025 854 4090 materiem
883 4032 1000 4086 tautum
1032 4039 1114 4102 saepe
1141 4029 1313 4086 mutuatum
1338 4037 1405 4084 esse
1430 4021 1468 4083 ah

195 4122 355 4184 Ambrosio
383 4121 496 4194 datam,
527 4123 580 4186 sed
609 4124 781 4203 singulares
816 4132 847 4187 et
878 4123 1049 4186 sententias
1087 4139 1148 4186 non
1179 4121 1275 4186 semel
1304 4121 1342 4184 ad
1378 4136 1467 4183 suum

194 4235 284 4282 usum
307 4220 507 4286 convertisse.
542 4222 722 4286 Ambrosius
758 4240 826 4309 cnm
860 4222 974 4286 dixerit
1005 4223 1036 4284 in
1064 4223 1178 4302 hymno
1214 4221 1350 4284 secundo
1383 4219 1469 4301 (cote

192 4321 341 4400 cortonam)
356 4341 367 4384 :

564 4452 697 4504 Dormire
709 4455 842 4504 mentem
856 4465 892 4504 ne
906 4451 1008 4503 sinus:

561 4535 693 4588 Dormire
707 4537 794 4601 culpe
807 4535 932 4601 noverit,

222 4737 251 4800 (¹)
267 4735 336 4787 Vide
350 4736 451 4787 Ebert:
466 4737 810 4790 Obrtstlicb-Lolcr'nischcn
825 4737 966 4799 litaretur,
980 4754 1007 4803 p.
1022 4739 1077 4798 l'lt,
1090 4738 1146 4797 lta;
1162 4738 1267 4789 Baehr:
1286 4735 1465 4791 Christlr'cltca

191 4817 307 4880 Richter,
321 4831 347 4882 p.
359 4819 397 4876 60,
410 4819 448 4869 61.
747 4835 750 4841 ·

223 4897 254 4962 (²)
270 4896 446 4952 dhristticltcn
457 4897 574 4959 Dichter,
588 4914 614 4965 p.
629 4900 668 4951 60.
