3592 5668
344 637 388 699 Er
406 636 453 698 his
468 633 553 699 nullo
568 634 659 698 modo
674 650 788 714 negare
801 633 1010 714 velimcolligi
1025 649 1114 714 posse
1129 632 1167 697 de
1179 633 1315 714 paschali
1330 639 1422 698 nocte
1437 635 1575 699 Pruden-

305 731 843 807 116616661616161666.0116111616
863 733 975 797 dehac
1003 738 1090 812 parte
1115 731 1222 812 hymni
1247 748 1357 795 verum
1376 738 1435 812 est,
1456 734 1574 817 nonde

305 841 368 896 toto
384 835 509 913 hymno.
527 833 713 912 Principium
729 833 812 895 enim
828 819 1060 896 Cathemerinon
1075 832 1101 895 V
1114 847 1312 910 recognosce.
1338 831 1393 893 llic
1422 832 1461 894 de
1487 833 1576 895 lumi-

305 933 407 1008 nibus,
423 948 485 994 666
501 931 695 1011 paschalibus
711 932 814 1010 modo,
830 931 883 994 sed
900 931 1043 994 omnibns
1062 930 1185 993 disserit
1205 929 1392 992 Prudentius
1399 951 1408 1008 3
1431 931 1482 993 hic
1510 948 1573 994 non

304 1030 459 1109 peculiare
474 1036 505 1092 et
516 1029 653 1092 solemne
669 1029 785 1106 lumen,
802 1030 855 1093 sed
871 1028 995 1092 luminis
1022 1028 1116 1108 insius
1146 1034 1298 1106 naturam,
1329 1028 1454 1091 luminis
1475 1028 1573 1109 ipsius

303 1141 428 1206 munus,
455 1145 471 1191 a
500 1130 564 1191 Deo
592 1129 750 1200 tributum,
768 1133 898 1207 spectat.
914 1128 1018 1190 Liceat
1033 1127 1087 1190 tibi
1102 1125 1241 1206 opinari:

606 1286 745 1338 Inventor
758 1283 851 1353 rutili,
866 1282 928 1335 dux
940 1283 1027 1351 bone,
1040 1283 1164 1335 luminis

605 1374 661 1436 Qui
675 1372 764 1426 certis
776 1372 892 1426 vicibus
905 1374 1038 1436 tempora
1051 1371 1167 1439 dividis,

606 1465 699 1516 Merso
713 1464 772 1516 solo
786 1459 874 1517 choos
886 1463 1003 1528 ingruit
1016 1461 1179 1528 horridum,

607 1555 714 1606 Lucem
727 1551 813 1605 redde
825 1552 897 1621 tuis,
910 1551 1036 1620 Christe,
1050 1551 1196 1604 fidelibus.

603 1687 744 1750 Quamvis
759 1686 915 1740 innumere
927 1687 1020 1740 sidere
1033 1686 1145 1751 regiam

604 1775 772 1842 Lunarique
783 1777 886 1841 polum
899 1775 1033 1842 lampade
1044 1774 1186 1844 pinxeris,

606 1869 732 1920 incussu
745 1865 837 1919 silicis
850 1865 965 1918 lumina
978 1878 1032 1917 nos
1045 1867 1145 1918 tamen

490 1945 497 1958 '
606 1957 751 2008 Monstras
767 1956 909 2020 saxigeno
923 1955 1035 2008 semine
1048 1967 1186 2020 quaerere.

605 2091 661 2142 Nee
674 2090 800 2144 nesciret
813 2089 997 2156 homospem
1009 2089 1066 2142 sibi
1080 2088 1203 2140 luminis

603 2183 637 2233 In
650 2180 760 2232 Christi
773 2180 864 2234 solido
877 2192 994 2244 corpore
1007 2180 1166 2248 conditam,

603 2270 659 2332 Qui
670 2269 727 2321 diei
741 2269 878 2321 stabilem
890 2281 921 2320 se
932 2268 1028 2321 voluit
1040 2271 1165 2336 petram,

601 2359 714 2411 Nostris
727 2358 867 2424 igniculis
880 2357 958 2410 unde
971 2370 1067 2423 genus
1080 2357 1173 2411 venit.
1185 2353 1230 2427 (C.
1246 2357 1280 2425 V,
1294 2353 1320 2425 l)

340 2527 463 2604 Nonne,
479 2534 595 2606 postea,
613 2527 714 2606 palam
729 2534 852 2589 estnon
868 2526 906 2590 ud
919 2526 1073 2606 paschalia
1089 2525 1204 2590 lumina
1222 2525 1289 2589 haec
1317 2524 1487 2605 pertinere,
1517 2527 1572 2589 sed

304 2625 340 2686 nd
357 2625 525 2705 quamlibet
539 2641 633 2689 manu
649 2625 749 2689 hetam
767 2626 866 2689 lucem
882 2645 889 2688 :

600 2780 725 2846 Pinguis
739 2793 812 2846 quos
825 2780 880 2832 olei
893 2793 957 2833 rore
968 2781 1158 2835 madentibus

603 2869 730 2934 Lychnis
743 2872 797 2922 aut
809 2868 923 2922 facibus
936 2870 1085 2934 pascimus
1098 2869 1202 2923 aridis:

601 2959 680 3022 Quin
693 2962 723 3012 61
735 2955 787 3010 fila
799 2957 876 3011 favis
888 2957 1000 3024 scirpea
1012 2959 1109 3012 floreis

603 3049 705 3102 Presse
718 3049 805 3101 melle
818 3048 901 3112 prius
916 3049 1025 3102 conlita
1038 3047 1190 3119 fingimus.
1263 3037 1266 3042 ’

599 3181 694 3237 Vivax'
706 3185 828 3238 flamma
840 3183 932 3254 viget,
947 3197 1001 3238 seu
1014 3197 1085 3238 cava
1096 3185 1206 3238 testula

599 3274 729 3325 Sueeum
742 3273 862 3326 linteolo
876 3274 1013 3338 suggerit
1025 3273 1115 3342 ebrie,

598 3361 654 3412 Seu
667 3361 756 3426 pinus
769 3361 882 3428 piceam
892 3362 950 3416 fert
962 3362 1143 3429 alimoniam,

596 3451 653 3502 Seu
668 3463 765 3504 ceram
777 3455 901 3506 teretem
913 3456 1038 3518 stuppea
1049 3452 1148 3506 calens
1161 3451 1246 3506 bibit.
1260 3447 1305 3520 (C.
1323 3455 1357 3519 V,
1373 3452 1415 3519 13)

335 3607 410 3670 lude
426 3607 612 3672 concludere
627 3608 699 3672 licet
718 3610 877 3675 minimam
899 3611 929 3674 in
953 3610 1117 3691 principio,
1140 3610 1171 3675 id
1186 3617 1233 3674 est
1254 3610 1424 3690 proposito,
1449 3608 1568 3689 hymni,

294 3705 484 3769 mentionem
511 3706 767 3786 depasohalibus
782 3708 879 3786 leriis,
906 3709 1065 3772 minimam
1090 3708 1276 3772 sententiam
1301 3723 1365 3770 nen
1388 3707 1567 3769 incurrere.

293 3803 470 3868 Verisimile
485 3805 579 3884 igitur
594 3806 738 3886 paschale
753 3807 859 3869 lumen
871 3823 934 3872 non
953 3807 1114 3871 materiam
1134 3806 1322 3887 praecipuam
1342 3805 1571 3868 Cathemerinon

295 3901 394 3980 quinti
411 3919 491 3980 esse,
507 3905 562 3967 sed
578 3921 741 3968 excursum
757 3905 921 3984 quemdam
942 3905 1035 3985 huJus
1055 3905 1174 3986 hymni,
1191 3905 1285 3967 immo
1299 3920 1394 3967 uuum
1411 3920 1447 3967 ex
1462 3919 1571 3966 excur-

293 3999 388 4075 sibus,
405 4001 487 4078 qnod
503 4000 599 4080 magis
616 4019 633 4063 e
649 4006 712 4063 1616
726 4002 828 4082 operis
844 4007 965 4081 tenore,
982 4002 1096 4066 cursim
1112 4002 1283 4082 recognito,
1299 3999 1528 4081 6616616111).

333 4097 497 4178 Postquam
513 4099 595 4161 eninr
613 4099 798 4165 Prudentius
813 4100 851 4163 de
866 4101 984 4164 lumine
1008 4103 1086 4181 ipso,
1111 4101 1149 4164 de
1171 4101 1264 4164 variis
1278 4099 1429 4162 humanos
1444 4099 1482 4160 ad
1496 4115 1570 4162 usus

291 4195 528 4260 accommodatis
552 4196 731 4276 luminibus,
759 4206 793 4267 ut
816 4199 962 4278 vidimus,
989 4200 1146 4276 disseruit,
1166 4199 1229 4262 Deo
1251 4198 1329 4278 ignis
1348 4196 1499 4277 originem
1519 4198 1571 4259 tri·

291 4294 447 4357 bnendam
476 4312 545 4360 esse
572 4297 775 4376 demonstrat,
790 4297 930 4374 ‚ardente
956 4299 1047 4361 blesis
1068 4299 1144 4362 rubo
1168 4305 1350 4361 memorato.
1375 4295 1469 4371 Quam
1489 4296 1569 4359 uiam

293 4409 361 4455 cum
376 4394 473 4457 semel
495 4402 541 4458 est
565 4395 738 4476 ingressus,
758 4396 895 4460 immittit
915 4396 1051 4460 habenas
1070 4403 1102 4460 61
1125 4413 1232 4476 eampo
1252 4403 1359 4474 apertu
1379 4395 1452 4459 ruit.
1474 4394 1569 4458 Rubri

292 4491 386 4554 maris
401 4494 564 4557 transitum
580 4495 735 4574 expingit3
751 4495 840 4558 llesis
855 4493 1002 4558 miracula
1019 4511 1056 4558 ex
1077 4493 1186 4558 ordine
1210 4498 1441 4578 commemorat,
1460 4507 1570 4571 aquam

292 4606 310 4653 e
337 4605 410 4654 saxo
435 4593 669 4669 scaturientem,
699 4592 887 4671 coturnices,
912 4608 1070 4658 mannam.
1098 4593 1195 4668 Quam
1218 4592 1267 4656 vix
1290 4590 1473 4655 memoravit
1501 4606 1570 4652 oum
1645 4659 1648 4664 ,

318 4796 351 4860 (¹)
368 4797 405 4848 116
417 4797 490 4847 omni
501 4797 551 4848 hac
564 4811 593 4848 re
605 4798 667 4849 vide
687 4798 791 4849 Baehr:
806 4785 986 4852 ttirtrtttelen
997 4798 1113 4860 dictatur,
1127 4815 1153 4864 6.
1163 4797 1206 4856 8“1;
1216 4797 1316 4848 Ebert:
1329 4795 1572 4850 dirimeret-totn-

293 4876 783 4944 6116166111616116,6111661616.
1310 4917 1312 4922 .
