3592 5668
762 557 802 569 ..
822 523 861 587 53
883 560 922 568 -

468 642 614 708 Linguam
628 642 754 708 priorem
767 642 903 697 detrahet
916 643 1069 710 radicitus,

467 734 539 795 Quae
548 745 665 798 corpore
679 733 760 785 omni
772 733 835 785 sola
847 733 922 786 vivit
935 735 1073 798 nequior:
1159 759 1163 772 ·

466 823 520 876 Illa
533 825 563 876 et
576 823 689 887 procaci
714 822 841 887 pessima
853 822 885 874 iu
899 825 1016 875 nostros
1030 825 1103 876 Deos

466 915 585 966 invecta
597 915 682 965 motu
694 911 739 965 ias
751 911 919 977 profanavit
932 914 1019 965 vetus

465 983 571 1055 hudax
583 1004 613 1055 et
625 1000 682 1066 ipsi
694 1014 755 1054 non
768 1001 896 1066 pepercit
908 1001 1044 1066 principi.
1060 1022 1073 1046 υ
1089 997 1163 1069 (891)

239 1169 375 1250 Apparet
394 1169 468 1234 satis
490 1167 691 1233 Prudentium
713 1167 839 1231 Eusebii
858 1167 936 1231 libro
958 1168 992 1230 dc
1013 1168 1240 1231 ilesunc-actione
1261 1169 1367 1231 uirum
1390 1186 1471 1247 esse,

198 1267 294 1330 libere
308 1274 466 1331 auctorem
478 1283 569 1331 suum
583 1273 719 1342 secutus,
738 1265 909 1330 videbimus
925 1266 1004 1329 inira
1020 1267 1131 1346 quibus
1147 1266 1283 1329 mutatis.
1300 1267 1389 1330 Unde
1409 1268 1470 1330 col·

197 1365 295 1445 ligere
308 1367 381 1430 licet
394 1366 529 1445 primum
544 1365 629 1446 quasi
645 1364 762 1427 iontem
784 1381 822 1426 ex
837 1381 899 1444 qno
918 1365 1029 1428 Noster
1048 1366 1114 1428 siva
1136 1364 1292 1429 scribendi
1309 1366 1471 1430 consilium

197 1466 261 1528 sive
277 1465 447 1529 carminum
462 1466 623 1528 materiem
639 1463 776 1526 hauserit
795 1463 873 1526 nihil
892 1463 975 1526 aliud
991 1463 1049 1526 nisi
1065 1463 1228 1526 ecclesiam
1242 1463 1348 1541 luisse,
1367 1465 1396 1527 in
1413 1483 1470 1544 qua

197 1573 248 1627 aut
262 1564 479 1628 ambrosianos
495 1565 627 1643 hymnos
642 1562 695 1626 diu
710 1569 869 1642 noctoque
883 1554 1045 1626 cantitatos
1060 1562 1215 1642 audiebat,
1232 1568 1285 1626 aut
1300 1573 1470 1644 martyrum

196 1663 339 1728 historias
359 1679 477 1727 summa
497 1661 635 1725 fidelium
655 1663 858 1724 veneratione
880 1668 911 1724 et
931 1661 1037 1724 lavore
1057 1661 1210 1726 recitatas.
1229 1662 1306 1724 Hinc
1321 1663 1471 1726 Catheme-

196 1761 287 1824 rinon
301 1778 420 1840 omnes,
432 1761 670 1840 Perisicphcnon
685 1777 765 1824 unns
781 1767 811 1822 et
826 1760 916 1823 alter.

235 1860 322 1923 Adde
333 1859 427 1938 aliud,
439 1875 502 1924 non
514 1858 780 1939 praetereundum,
790 1858 907 1921 scilicet
917 1859 1015 1937 patria
1031 1865 1062 1922 et
1073 1859 1239 1923 domestica
1255 1868 1468 1938 monumenta,

193 1975 251 2039 per
264 1959 443 2039 Hispaniam
458 1956 598 2039 populari
614 1974 739 2021 rumore
756 1958 878 2035 tradita,
895 1975 964 2038 quae
979 1958 1018 2022 ad
1033 1967 1209 2022 sanctorum
1220 1959 1314 2022 vitam
1326 1970 1470 2023 mortem·

192 2075 252 2138 que
268 2057 471 2137 pertinerent.
487 2056 650 2120 Neminem
665 2057 742 2135 lngit
756 2055 921 2136 plerosque
936 2057 1174 2137 Pcmstephcnon
1186 2064 1355 2137 martyrum
1372 2057 1470 2138 hispa-

193 2173 381 2219 norumesse
392 2155 430 2236 (Ι,
441 2156 492 2234 ΙΙΙ,
503 2154 553 2231 Ill,
567 2155 604 2231 V,
617 2154 668 2226 ΙΙΙ,
679 2154 756 2231 Vlll,
771 2155 863 2235 ΙΙΙΙΙ).
876 2155 944 2218 Non
956 2155 1087 2218 excludo
1096 2155 1134 2218 de
1147 2155 1300 2236 Cypriano
1320 2156 1468 2237 hymnum

193 2257 296 2335 (Xlll),
314 2272 382 2326 cum
399 2261 518 2319 constet
533 2257 690 2318 communi
712 2255 799 2335 quasi
820 2253 912 2318 laude
934 2261 965 2318 et
986 2255 1132 2335 hispanos
1147 2262 1178 2318 et
1193 2257 1303 2320 alricus
1318 2265 1468 2338 martyres

192 2353 290 2416 cultos
308 2371 387 2431 esse,
404 2355 485 2434 quod
510 2370 547 2416 er
569 2352 732 2432 Augustini
751 2352 938 2418 sermonibus
955 2360 1050 2434 patet.
1070 2353 1173 2417 Palam
1195 2363 1241 2417 est
1266 2356 1468 2420 prudentium

191 2453 356 2532 populares
377 2469 519 2517 rumores
539 2453 654 2532 pietate
676 2451 807 2531 quadam
827 2453 1003 2525 domestica,
1021 2453 1273 2532 septentrionalis
1295 2456 1463 2534 praesertim

191 2551 347 2631 Hispaniae
358 2569 413 2633 per
426 2552 531 2629 urbes,
544 2557 732 2630 aucupatum
742 2565 821 2628 esse,
836 2567 945 2614 corum
955 2551 1183 2614 laudationibus
1196 2570 1264 2632 quae
1275 2553 1340 2615 sive
1352 2553 1465 2617 Caesar·

190 2657 339 2731 augustae,
355 2649 418 2713 sive
434 2649 604 2728 calagurri,
626 2649 690 2711 sive
713 2650 888 2712 Tarracone
911 2649 1122 2714 recitabantur
1145 2649 1349 2714 vehementer
1369 2649 1465 2717 luisse

191 2755 389 2822 commotum,
412 2747 477 2812 loca
499 2749 623 2828 quibus,
647 2755 791 2810 recenter
812 2746 925 2826 adhuc,
947 2748 1029 2826 passi
1051 2755 1141 2810 erant
1162 2747 1212 2826 pie
1234 2750 1464 2830 recognovisse,

190 2847 315 2912 demum
336 2865 443 2912 eornm
461 2848 580 2920 laudes,
603 2855 634 2910 et
655 2847 755 2927 ipsum
780 2846 986 2911 celebravisse
1012 2855 1043 2910 et
1067 2849 1256 2912 carminibus
1279 2850 1461 2914 illustrasse.

188 2947 285 3010 Nosse
308 2947 381 3010 licet
405 2964 465 3026 quo
489 2946 610 3026 pietatis
637 2947 764 3024 impetu,
791 2963 849 3026 qua
875 2947 1083 3026 vehementia,
1101 2947 1286 3010 domesticos
1311 2958 1462 3030 martyres

189 3044 325 3123 extollat,
341 3064 411 3109 cum
427 3045 571 3126 hispanas
586 3045 679 3108 urbes
695 3044 793 3123 lingit,
809 3061 955 3124 supremo
972 3044 1033 3123 die,
1055 3062 1123 3108 ossa
1144 3056 1312 3126 martyrum
1335 3065 1462 3112 suorum

189 3143 330 3207 canistris
359 3145 482 3208 Christo
513 3145 592 3208 dona
625 3144 762 3207 terentes
786 3143 911 3225 (Perist.
937 3143 988 3218 ΙΙΙ,
1016 3145 1069 3218 Ι3;
1096 3144 1141 3208 cf.
1169 3146 1280 3208 Perist.
1311 3145 1391 3226 lllll,
1420 3150 1461 3226 Ι).

188 3243 284 3305 Locus
310 3260 362 3306 eos
390 3260 459 3306 cum
487 3242 576 3322 legis,
604 3258 667 3306 nou
695 3249 795 3322 poetae
824 3248 955 3320 tantum,
985 3253 1048 3304 non
1077 3243 1168 3305 modo
1199 3244 1377 3325 Christiani,
1406 3248 1462 3310 sed

187 3340 314 3420 Hispani
335 3341 462 3422 insuper
481 3341 653 3420 ingenium,
668 3356 784 3419 mores,
800 3340 936 3405 animum
952 3339 1174 3419 deprehendis,
1191 3343 1297 3420 patriis
1314 3350 1355 3420 et,
1373 3352 1407 3406 ut
1423 3346 1461 3408 ita

186 3439 297 3518 dicam,
314 3441 376 3504 suis
388 3440 481 3522 (absit
492 3440 586 3504 verbo
598 3439 725 3521 invidia)
741 3439 903 3520 penatibus
914 3438 1064 3519 gloriatis,
1077 3456 1154 3519 quos
1169 3442 1318 3520 peculiari
1335 3450 1366 3505 et
1380 3445 1463 3506 iami-

187 3536 254 3601 liari
270 3537 353 3602 cultu
368 3538 575 3618 amplectitur.

224 3637 407 3706 Christianae
428 3637 546 3717 pietati,
565 3636 781 3702 ecclesiasticis
796 3637 918 3718 studiis,
934 3639 1042 3719 patria
1054 3646 1086 3702 et
1101 3639 1278 3702 domesticae
1293 3641 1459 3720 sedulitati,

185 3735 301 3816 aliquid
322 3743 353 3798 et
374 3735 551 3799 addendum
572 3744 629 3812 cst,
650 3742 685 3800 ut
710 3738 822 3817 quibus
848 3754 886 3800 ex
911 3738 1082 3803 seminibus
1104 3738 1264 3802 Prudentii
1281 3741 1383 3818 poesis
1398 3748 1459 3806 tota

184 3833 356 3898 adoleverit
370 3835 462 3915 plane
479 3841 597 3898 teneas.
614 3834 723 3916 Finge,
735 3852 793 3900 nec
806 3853 879 3900 vere
892 3837 974 3900 iictio
990 3837 1060 3915 erit,
1077 3836 1281 3900 Prudeolinm
1298 3845 1458 3918 postquam

185 3940 216 3996 et
231 3951 297 3997 ossa
312 3941 659 4014 martyrumveneratus
670 3940 747 4015 erat,
761 3935 1020 3998 ethmbrosianos
1033 3935 1163 4016 hymnos
1176 3952 1247 3998 cum
1259 3936 1457 4016 populohde-

183 4033 260 4097 lium
288 4034 456 4111 cecinerat,
480 4039 511 4096 et
539 4033 664 4097 recitata
695 4041 865 4113 martyrum
893 4034 971 4097 iacta
994 4034 1147 4115 audierat,
1174 4051 1267 4115 saepe,
1291 4035 1457 4116 puerilium
1521 4105 1524 4112 ,

183 4133 355 4197 studiorum
381 4149 444 4195 non
465 4130 677 4196 immemorem
699 4134 910 4213 temporisque
932 4151 992 4213 qno
1023 4142 1126 4198 «ntus
1144 4135 1248 4218 primu
1269 4135 1459 4216 crepantibus

182 4233 308 4312 limmat
329 4231 384 4298 snb
403 4233 522 4312 feralis,
543 4256 554 4289 ι
584 4232 784 4312 profanorum
805 4232 844 4296 ad
865 4234 1023 4298 volumina
1050 4241 1223 4314 poetarum,
1246 4234 1402 4298 umbratili
1426 4235 1457 4297 in

183 4337 317 4407 secreto,
332 4331 486 4410 relapsum
502 4347 580 4407 esse,
600 4331 639 4393 ita
654 4331 754 4411 ulpia
770 4333 917 4411 carmina,
930 4333 1012 4408 quod
1026 4333 1155 4396 minime
1170 4332 1341 4412 querimur,
1358 4333 1459 4412 saepis-

182 4429 260 4492 sime
281 4445 399 4493 meram
423 4429 638 4509 antiquitatem
667 4429 840 4494 redoleant.
865 4433 963 4495 Pauca
993 4437 1113 4496 tanturn
1141 4430 1280 4512 exempla
1308 4431 1454 4496 referam.

181 4529 279 4592 Locos
294 4528 436 4592 conferre
450 4527 527 4592 velis
541 4529 595 4607 qui
610 4538 796 4609 sequnntur.
813 4529 1000 4594 Prudentius
1015 4530 1122 4594 scribit
1138 4550 1145 4593 :

482 4713 522 4764 Ne
536 4711 644 4764 limum
657 4711 794 4778 fragilem
807 4713 914 4767 solutae

481 4803 624 4855 Deserant
635 4801 713 4855 vires
726 4806 756 4854 et
769 4815 899 4868 aquosus
911 4803 986 4857 albis

483 4892 597 4944 Humor
610 4890 641 4944 in
653 4891 736 4945 venis
749 4891 928 4949 dominetur.
947 4891 995 4958 (P.
1011 4896 1059 4961 IV,
1076 4893 1137 4962 187)
1218 4955 1220 4962 γ
