3640 5670
764 498 920 560 ..39-

245 630 336 694 ludit
360 632 515 697 interdum
542 633 716 712 et'jocatur
741 633 939 710 Prudentius,
966 648 1029 693 non
1055 618 1179 709 semper
1204 635 1389 708 opportune,
1411 645 1474 690 non
1552 619 1556 624 ’

203 745 327 810 semper
341 732 470 795 urbane.
488 732 562 796 Cum
578 732 695 795 Eulalia
718 755 729 787 r
737 734 1000 812 jooooopootoro»
1022 729 1219 806 dilaceratur,
1234 727 1384 792 exclamat
1399 725 1475 808 lepi-

203 829 272 894 dius
288 847 379 910 qnam
394 837 428 894 ut
442 848 499 894 nos
513 837 634 894 moreat
649 838 679 893 et
693 831 823 894 facetius
838 845 930 909 quam
944 845 1001 908 pro
1017 835 1156 907 tempore
1173 848 1180 890 ε

554 977 694 1032 Scriberis
708 989 772 1030 ecce
784 976 869 1043 mihi,
883 974 1018 1042 Domine;

469 1107 472 1114 .
554 1069 650 1131 Quam
661 1068 747 1133 jurat
759 1067 813 1120 lroe
825 1065 922 1131 apices
934 1066 1041 1133 legere,

553 1157 610 1221 Qui
624 1160 687 1226 tua,
700 1157 827 1226 Christe,
840 1159 951 1221 tropaea
963 1149 1079 1207 notant!

553 1248 665 1299 Nomen
678 1249 708 1298 et
721 1247 784 1311 ipsa
796 1257 915 1298 eaerum
927 1243 1059 1308 loquitur

553 1340 687 1404 Purpura
699 1337 857 1404 sanguinis
869 1336 961 1390 eliciti
974 1332 984 1405 t
997 1333 1018 1405 ).

240 1474 422 1541 Amabiliter
437 1479 561 1560 quidem
577 1479 655 1544 ludit
669 1487 701 1543 et
714 1479 864 1566 subridet,
881 1477 1009 1542 Romani
1024 1477 1188 1540 exordiens
1203 1475 1352 1553 hymnum
1369 1493 1377 1534 :

446 1627 566 1692 Largire
578 1629 729 1691 comptum
742 1639 860 1680 carmen
874 1625 1088 1690 infantissimo;

447 1717 521 1768 Num
534 1716 592 1770 eois
606 1720 635 1769 et
648 1717 710 1782 ipse
722 1729 806 1781 posse
820 1719 919 1770 mutos
933 1715 1039 1781 eloqui.
1055 1709 1177 1783 (Perdet.
1193 1713 1230 1780 X,
1243 1711 1269 1780 3,
1284 1708 1311 1780 5)

238 1855 298 1920 Sed
314 1855 382 1938 plns
397 1873 485 1954 aequo
501 1857 717 1936 cachinnum,
732 1873 802 1920 cum
817 1862 933 1936 martyr
948 1855 1031 1918 idem
1045 1855 1089 1916 sic
1103 1852 1230 1916 naiades
1245 1851 1367 1916 deridet
1382 1872 1390 1915 :

445 1997 595 2062 Nymphae
607 1999 746 2049 natantes
762 1996 930 2060 incolasque
943 1994 1098 2060 aquatilem
1385 1992 1388 1996 '
1482 2029 1491 2060 ,

444 2087 522 2140 Silas
536 2087 592 2139 sub
605 2087 676 2154 alto,
690 2099 770 2138 more
784 2098 934 2152 ranarum,
949 2084 1024 2136 lacu.
1037 2079 1162 2152 (Perist.
1178 2085 1214 2147 X,
1229 2079 1292 2151 243)

237 2226 316 2290 Sunt
331 2226 502 2291 istiusmodi
519 2227 618 2308 plura,
635 2228 711 2291 adeo
740 2234 773 2291 ut
789 2226 901 2307 (nefas)
926 2224 1039 2305 duplici
1060 2225 1285 2305 significatione
1305 2224 1469 2288 verborum

197 2325 341 2390 abutatur
361 2326 521 2404 hocloco,
544 2327 649 2408 paulo,
664 2327 775 2406 fateor,
790 2324 947 2388 obscurius
970 2331 1004 2387 ut
1024 2331 1110 2388 recte
1130 2341 1181 2387 me
1203 2323 1378 2403 intelligere
1400 2339 1470 2385 con·

197 2424 289 2488 iidem
308 2446 315 2489 :
333 2425 448 2490 scilicet
459 2427 695 2490 Vincentius'ita
711 2425 883 2505 prinoipem
898 2425 1029 2486 affatur:

548 2568 623 2618 Tute
637 2566 698 2630 ipse
711 2564 763 2629 qut
776 2567 898 2616 Romam
912 2563 1001 2630 regie,
1439 2546 1458 2584 ’ς

547 2656 737 2718 contemptor
749 2653 853 2706 aeterni
865 2650 926 2719 Dei,

548 2747 626 2797 Dum
638 2745 808 2804 daemonum
820 2742 921 2795 sordes
935 2740 1016 2809 eolie,
1036 2781 1038 2784 -

547 2832 646 2886 Morbo
659 2834 773 2886 laboras
787 2833 867 2898 regio
882 2829 891 2902 (
904 2829 925 2901 ).

234 2953 265 3033 Si
288 2970 324 3032 ad
344 2971 463 3034 minora
483 2974 618 3042 veneris,
642 2973 799 3036 interdum
820 2972 934 3035 edendi
958 2971 1074 3049 poteris
1096 2969 1189 3032 nimia
1214 2973 1245 3031 et
1265 2966 1469 3046 superfluenti

195 3071 280 3147 copia
296 3070 475 3149 verborum,
491 3088 559 3150 nune
581 3072 765 3150 plerumque
786 3071 877 3148 longa
900 3069 980 3132 serie
996 3083 1238 3149 synonymorum
1257 3066 1402 3129 luxuriat.
1420 3065 1468 3127 Sic

196 3163 226 3227 in
243 3166 485 3246 Peristephanon
502 3171 529 3232 X
547 3190 553 3232 :

438 3306 554 3360 Coelum
567 3308 733 3376 solumque,
748 3308 809 3360 vim
822 3307 930 3360 marini
943 3305 1083 3374 gurgitist,

440 3394 547 3448 Globos
560 3396 677 3448 dierum
692 3397 883 3462 noctiumque
896 3397 1044 3461 pl'aeSideS,

439 3487 560 3552 VentoS,
574 3478 726 3555 procellas,
742 3486 872 3554 fulgura,
887 3487 1007 3552 imbres,
1022 3483 1137 3550 nubila,
1225 3521 1229 3526 -

440 3573 669 3644 Septentrionem
684 3575 833 3644 hesperon,
846 3578 950 3638 aestua,
965 3575 1048 3628 nives

439 3665 557 3732 Portae,
571 3665 696 3728 pruinas
708 3669 738 3718 et
749 3667 870 3718 metalla
884 3669 913 3718 et
927 3665 1066 3717 flumina:

421 3813 425 3820 ,
438 3753 599 3821 Praerupta,
614 3753 703 3818 plana
715 3755 864 3807 montium
877 3749 1032 3818 convallia,

439 3843 537 3910 Feras,
551 3843 696 3912 volucres,
710 3844 841 3907 reptiles,
855 3844 995 3896 natatiles

427 3923 589 4000 'lumenta
603 3945 705 3997 pecua,
720 3933 893 3997 subjugales
906 3933 1029 4000 belluae,

439 4020 547 4084 Floras,
563 4021 684 4091 fruteta,
698 4022 843 4089 germina,
858 4021 974 4091 herbas,
989 4023 1116 4090 arborea,

437 4111 510 4173 Quae
522 4114 596 4164 aunt
608 4111 699 4179 odori,
715 4123 838 4176 qumque
852 4114 979 4165 vernant
992 4112 1065 4167 esui.
1082 4107 1204 4182 (Perire.
1221 4113 1257 4178 X,
1271 4110 1334 4182 326)

191 4275 316 4338 gravem
331 4266 360 4323 et
376 4277 540 4326 onerosam
554 4262 722 4325 verborum
737 4262 1007 4342 exaggerationem
1023 4278 1105 4342 aegre
1116 4262 1262 4343 patimur.
1279 4260 1361 4323 dlias
1376 4277 1465 4342 syno-

192 4374 282 4439 nyma
299 4359 364 4423 iere
387 4365 504 4423 temere
527 4368 670 4440 congesta
694 4360 966 4453 respuimusque
987 4360 1145 4426 rhetorem
1166 4367 1209 4437 et,
1226 4364 1260 4422 ut
1284 4359 1326 4422 ait
1347 4360 1465 4426 Bulaeus

219 4545 250 4610 (¹)
263 4545 358 4598 Perist.
372 4547 422 4609 Ill,
436 4549 490 4600 136.
502 4576 531 4584 —
543 4548 640 4598 Nonne
651 4549 719 4598 mire
731 4553 884 4616 congruunt
896 4549 967 4598 inter
980 4562 1009 4599 se
1029 4549 1108 4599 ambo
1126 4549 1233 4616 hispani
1251 4553 1377 4600 auctores
1395 4549 1463 4599 Pru-

192 4625 302 4677 dentius
313 4627 386 4688 hino,
402 4627 475 4678 illinc
487 4628 603 4678 Guillem
616 4627 649 4677 de
661 4629 771 4678 Castro?
1145 4659 1148 4666 ι

220 4707 253 4772 (²)
263 4706 360 4759 Perisl.
386 4709 415 4768 ll,
436 4710 490 4759 adt.
504 4709 577 4759 -ld
591 4710 757 4760 estictcrico
777 4711 821 4773 (cl.
842 4711 934 4762 Horat.
956 4713 987 4762 A.
1012 4713 1042 4761 P.
1063 4711 1131 4775 453),
1155 4713 1219 4776 qnia
1242 4724 1339 4762 aurum
1362 4711 1463 4776 ubique

190 4787 312 4848 videbat,
324 4789 375 4838 etsi
387 4789 492 4839 nullum
504 4794 563 4840 arat
575 4790 619 4853 (cl.
633 4802 716 4854 supra
728 4804 798 4842 vers.
813 4791 843 4841 te
855 4796 882 4842 et
894 4793 964 4856 eqd?
980 4792 1088 4852 Nescio,
1101 4805 1151 4843 nec
1167 4793 1257 4844 lorsan
1274 4793 1391 4858 scriptor
1409 4796 1463 4840 tam

191 4872 317 4918 accurate
330 4869 387 4934 ipse
400 4870 510 4934 quaesiit
521 4883 603 4935 quam
615 4883 673 4935 ego.
1086 4871 1089 4878 '
