3640 5670
746 497 926 560 -tat-

198 627 261 674 non
283 627 404 692 semper
421 611 479 676 isto
501 611 569 676 loco
590 618 741 678 temnere
763 612 928 676 conclusus
956 629 1050 692 quam
1079 611 1112 676 in
1142 610 1196 674 illo
1221 609 1356 685 videtur,
1383 613 1471 672 nutat

198 710 389 791 lluctuatque
416 712 611 792 stropharum
637 711 808 775 istiusmodi
833 713 927 789 ordo;
945 712 1029 775 unde
1049 727 1133 788 mox,
1148 709 1179 772 id
1202 709 1305 772 estad
1326 707 1472 787 quintum

198 809 349 882 seculum,
372 809 487 873 iactum
503 815 549 872 est
562 815 597 872 ut
611 809 673 872 alio
687 809 791 889 signo,
805 826 868 889 qun
883 809 1018 891 strophae
1033 807 1180 872 circuitus
1191 806 1355 872 enucleate
1379 804 1473 884 signi-

198 907 355 984 ficaretur,
382 925 460 988 opus
481 907 571 986 leret,
592 912 623 970 et
650 907 946 972 homoeoteleutnnta
971 905 1160 987 pedetentim
1186 903 1370 985 irreperent,
1385 919 1471 982 quoe,

199 1005 232 1067 S
246 1005 410 1070 Ambrosio
424 1006 567 1084 florente,
582 1005 719 1070 nullom
735 1007 853 1070 honore
869 1013 968 1070 erant.

239 1103 505 1179 Quemadmodum
518 1105 722 1168 Prudentium
736 1104 872 1168 vidimus
885 1104 1024 1168 medium
1038 1103 1120 1166 inter
1134 1102 1275 1168 ethnicos
1290 1106 1320 1162 et
1335 1047 1473 1166 christia

199 1218 257 1264 nos
261 1203 365 1281 ‚qnod
376 1203 413 1266 ad
428 1203 526 1268 multa
541 1201 662 1275 attinet,
679 1208 823 1281 stantem,
839 1203 884 1266 sic
898 1202 950 1264 et
943 1220 976 1265 rn
991 1201 1137 1282 praesenti
1152 1217 1197 1278 re,
1214 1199 1351 1279 antiquae
1365 1196 1472 1262 latinae

198 1299 301 1380 poesis
314 1301 426 1382 partim
437 1301 660 1380 restitutorem,
672 1301 850 1365 christianes
863 1299 1070 1380 hymnologiae
1081 1299 1194 1380 partim
1203 1297 1387 1380 participem
1400 1313 1472 1360 eum

200 1399 353 1463 videmus.
371 1399 450 1464 Sunt
466 1401 551 1464 enim
566 1417 603 1462 ex
618 1399 837 1465 Prudentianis
851 1398 975 1479 hymnis
989 1399 1026 1462 ad
1042 1385 1202 1479 exemplar,
1218 1395 1472 1474 Horatianorum,

199 1496 447 1564 Catullianoruru
462 1515 591 1580 operum
605 1497 759 1580 dispositi,
774 1505 848 1566 sunt
859 1497 913 1579 qui
923 1496 1144 1564 Ambrosianus
1156 1497 1287 1577 hymnos
1297 1493 1471 1571 imitentur,
1580 1523 1583 1530 ⁴

199 1602 273 1660 sunt
284 1610 419 1676 quorum
433 1595 593 1678 dispositio
610 1613 627 1664 a
642 1596 810 1660 Prudentio
826 1597 953 1660 inventa
971 1602 1028 1660 est.

240 1693 297 1767 Qui
314 1695 502 1776 exemplaria
518 1696 655 1776 probatae
669 1695 769 1760 aetatis
783 1695 948 1760 imitantur
961 1700 1045 1760 sunt.

240 1791 289 1872 (Α)
305 1793 436 1874 Stropha
451 1793 597 1874 sapphica
612 1794 691 1872 (dat.
708 1793 783 1871 vill,
798 1795 864 1858 Per.
881 1793 932 1872 IV)

238 1890 287 1970 (Β)
303 1892 435 1954 Metrum
450 1891 620 1958 iambicum
635 1893 809 1957 secundum
823 1909 862 1954 er
876 1890 1011 1956 iambico
1028 1890 1167 1956 trimetro
1182 1895 1213 1952 et
1227 1887 1360 1954 iambico
1374 1887 1474 1952 dime-

200 1994 247 2051 tro
263 1996 406 2053 constans
421 1990 549 2070 (Apoth.
565 1990 669 2069 prael.)

239 2087 288 2169 (G)
304 2089 435 2152 Metrum
450 2087 623 2168 elegiacum
639 2087 760 2168 (Perist.
777 2089 850 2163 lllll,
861 2089 912 2169 ΧΙ)

240 2186 290 2267 (1))
306 2187 437 2249 Metrum
451 2185 697 2266 pythiamhicum
711 2187 885 2251 secundum
900 2187 1021 2268 (Perist.
1037 2185 1088 2267 llll

240 2283 290 2366 (Ε)
305 2285 436 2348 lletrum
447 2284 675 2349 archilochium
690 2292 837 2365 quartum
851 2285 975 2366 (Perist.
992 2285 1056 2366 llll)

240 2381 288 2464 (F)
301 2381 485 2462 Glyconicus
500 2387 574 2446 κάτα
589 2387 695 2466 στίχον,
712 2383 839 2449 Senecae
855 2385 892 2446 ad
909 2383 1068 2465 exemplar
1083 2383 1129 2463 (C.
1146 2381 1178 2446 S.
1194 2382 1230 2461 ll,
1245 2381 1348 2464 praei.)

240 2479 287 2560 (d)
304 2482 435 2544 Metrum
447 2480 688 2562 hipponacteum
704 2483 756 2562 (ex
770 2482 903 2544 dimetro
923 2481 1082 2545 trochaico
1098 2479 1277 2545 catalectico
1293 2489 1324 2543 et
1341 2477 1474 2544 iambico

202 2577 343 2642 trimetro
358 2577 537 2643 catalectico
553 2580 710 2660 constans)
728 2579 874 2661 (Epilog.)
1501 2648 1503 2652 Α

242 2677 299 2750 Qui
316 2677 353 2744 ad
369 2677 527 2759 exemplar
542 2677 723 2758 aequalium,
744 2677 993 2741 Christianorum
1013 2675 1177 2759 imprimis,
1200 2675 1339 2758 dispositi
1361 2683 1434 2740 suut
1453 2675 1475 2739 ii

204 2782 395 2855 sequuntur:

244 2875 295 2956 (ll)
324 2875 453 2954 Stropha
483 2891 521 2937 er
548 2881 682 2953 quatuor
716 2873 856 2938 dimetris
887 2873 1028 2937 iambicis
1063 2880 1218 2948 constans,
1249 2874 1287 2937 ad
1319 2873 1477 2954 exemplar

205 2975 235 3038 S.
256 2973 425 3053 Ambrosii,
440 2972 471 3036 S.
488 2972 610 3052 Hilarii,
627 2973 780 3038 Victorini
793 2972 922 3054 (Hymni
941 2973 979 3035 de
1000 2971 1137 3035 trinitate
1156 2972 1180 3054 Ι)
1201 2972 1301 3052 (cath.
1322 2971 1343 3046 1,
1368 2971 1403 3051 ll,
1425 2972 1475 3051 Xl,

204 3072 266 3147 ΧΠ,
284 3071 391 3135 Perist.
406 3071 443 3150 ll,
460 3071 498 3152 V)

245 3171 280 3251 (Ι)
293 3171 425 3252 Stropha
440 3187 477 3232 ex
498 3169 639 3249 quinqua
661 3171 821 3250 dactylicis
840 3170 1026 3234 tetrametris
1045 3167 1240 3248 catalecticis,
1263 3170 1301 3233 ad
1321 3167 1479 3252 exemplar

204 3269 327 3333 Damasi
345 3269 497 3350 (Hymnus
511 3269 549 3330 de
565 3268 676 3331 Sancta
691 3268 820 3348 Agathe)
838 3269 939 3349 (Ceth.
951 3269 988 3331 lll
999 3267 1106 3331 Perist.
1123 3267 1173 3347 ΙΙΙ)

247 3368 286 3447 (Ι)
302 3367 433 3449 Stropha
448 3384 485 3430 err
501 3373 635 3448 quatuor
650 3367 837 3431 hexametris
852 3376 1008 3448 constans,
1024 3366 1088 3428 sive
1102 3365 1317 3440 tetrastichon,
1334 3383 1479 3431 nonnun-

205 3483 310 3546 quam,
327 3467 380 3530 sed
399 3465 527 3529 fortuito
552 3464 635 3546 apud
659 3466 799 3529 ethnicos
820 3468 957 3548 probatae
976 3465 1074 3530 aetatis
1096 3481 1275 3543 occurrens,
1297 3465 1419 3528 Damasi
1440 3467 1478 3529 ad

206 3565 364 3647 exemplar
377 3581 450 3628 vere
465 3563 609 3645 disposita
627 3563 691 3644 (bit
678 3565 774 3626 t.toch
778 3566 790 3645 )

245 3664 294 3744 (Κ)
330 3662 473 3727 Alcaicus
503 3662 780 3742 hendecasyllabus
814 3668 868 3727 aci
870 3689 888 3726 α
927 3667 1021 3748 στίχον
1053 3664 1091 3726 ad
1127 3661 1283 3743 exemplar
1312 3659 1476 3727 Claudiani

208 3762 425 3844 (heristalli)

246 3860 303 3934 Qui
320 3858 461 3938 omnino,
478 3858 539 3922 nisi
560 3859 661 3939 fallor,
676 3860 727 3922 vel
748 3877 826 3939 quos
844 3848 1029 3923 Prudentius
1048 3857 1185 3921 imitatus
1207 3862 1253 3920 est
1276 3856 1370 3920 deleti
1393 3867 1477 3938 sunt,

208 3957 406 4024 aPrudentio
421 3958 503 4021 ultro
517 3958 657 4038 dispositi
673 3964 756 4036 sunt,
772 3957 794 4019 il
809 3964 1004 4038 sequuntur:

247 4059 295 4138 (L)
319 4057 450 4137 Stropha
479 4074 516 4118 er
543 4055 644 4119 tribus
666 4054 815 4137 phalecils
835 4053 1102 4135 hendecasyllabis
1128 4061 1272 4119 constans
1302 4055 1402 4136 (Calh.
1427 4057 1479 4138 lv,

207 4157 315 4220 Perist.
332 4155 384 4235 Vl)
1237 4179 1239 4187 =

248 4255 301 4336 (Μ)
318 4254 449 4336 Stropha
464 4269 501 4316 er
515 4259 648 4334 quatuor
661 4252 860 4335 asclepiadeis
873 4251 1049 4316 minorihus
1065 4259 1209 4318 constans
1225 4252 1326 4334 (Geth.
1339 4253 1377 4317 V.
1395 4253 1428 4316 C.
1447 4252 1478 4317 S.

208 4355 232 4434 l,
248 4353 351 4434 praei.)

248 4453 299 4533 (Ν)
333 4451 464 4533 Stropha
499 4468 537 4514 er
570 4458 704 4531 quatuor
745 4451 885 4516 iambicis
926 4451 1066 4515 dimetris
1101 4449 1289 4515 catalecticls
1331 4456 1481 4514 constans

210 4552 312 4632 (Gath.
328 4549 379 4630 Vl)

250 4649 299 4730 (0)
315 4649 447 4736 Stropha
461 4665 498 4711 ex
513 4648 811 4730 quinquatrimetris
826 4648 967 4712 iambicis
981 4655 1124 4713 constans
1137 4647 1236 4729 (Cath.
1250 4647 1430 4721 Vll‚Perist.
1442 4648 1480 4726 X,

210 4747 318 4828 Psych.
335 4748 541 4828 praet.,lla1n.
558 4746 659 4827 praei.)

253 4843 297 4930 (Ρ)
313 4846 445 4928 Stropha
460 4861 497 4908 er
511 4845 610 4909 tribus
624 4844 788 4911 trochaicis
801 4845 984 4928 septenariis
999 4852 1142 4910 constans
1156 4844 1257 4926 (Geth.
1270 4845 1320 4926 lx,
1334 4845 1444 4909 Perist.
1455 4846 1479 4922 l)
