3592 5668
753 531 892 591 ..3-

182 644 289 714 redeat
301 648 477 725 distichum,
492 650 601 729 anguis
616 650 713 714 instar
725 647 780 726 qui
795 661 884 710 suam
896 647 960 727 ipse
972 649 1103 711 caudam
1115 666 1168 711 ore
1180 649 1256 729 petit
1269 650 1317 730 (¹).
1329 651 1457 726 Accedit

183 745 345 820 Arborius,
370 747 495 825 gravior
521 754 551 810 et
577 747 711 810 sanioris
734 745 858 824 J'udicii,
882 744 1002 824 lepidus
1031 745 1135 821 etiam,
1163 753 1193 808 et
1220 747 1457 828 Propertianurn

182 861 324 924 saporem
352 845 511 908 interdum
538 846 686 920 reterens,
720 842 856 922 inertior
889 849 994 906 tamen
1022 849 1052 905 et
1080 844 1282 922 languidulos
1307 847 1339 909 in
1368 849 1457 924 brevi

183 948 325 1021 poemate
351 944 410 1004 «ln
432 943 593 1023 nympham
616 945 707 1007 nimis
734 944 888 1005 cultant».
906 942 1032 1021 Optimi,
1061 948 1210 1017 ceterum,
1239 944 1333 1021 hujus
1358 947 1457 1010 etatis

182 1029 294 1120 poetae,
307 1039 478 1120 praestigiis,
508 1042 599 1119 nugis
628 1042 738 1104 saltem
764 1039 938 1118 indulgent.
967 1039 1079 1102 Videas
1101 1040 1310 1104 Claudianum
1344 1045 1457 1106 sudare

183 1137 317 1200 multum
340 1137 538 1215 multumque
563 1138 706 1201 laborare
729 1137 762 1199 in
786 1137 929 1216 hystrice,
953 1136 1127 1215 magnetico
1152 1138 1265 1217 lapide,
1294 1141 1457 1220 torpedine

183 1234 409 1312 describendis3
425 1234 532 1297 videas
555 1240 586 1297 et
605 1235 779 1299 Ausonium
799 1235 950 1314 repulieos
967 1251 1076 1297 versus
1097 1233 1299 1312 effutientem,
1322 1238 1372 1301 vel
1392 1255 1457 1302 car-

183 1332 268 1394 mina
295 1307 423 1396 di⁸midia
449 1338 535 1412 parte
557 1349 667 1411 graeca,
685 1332 781 1396 latina
802 1331 942 1406 dimidia,
958 1332 1010 1394 vel
1035 1331 1096 1394 alia
1117 1331 1292 1396 istiusmodi
1312 1334 1457 1398 edentem

184 1435 338 1509 portenta.
1295 1472 1299 1481 ·

223 1527 366 1595 Bucolica
383 1527 482 1607 poesis
497 1528 556 1592 sihi
571 1527 709 1590 vindicat
725 1527 930 1607 Calpurnium
945 1526 1098 1604 Siculum,
1111 1546 1175 1592 non
1193 1531 1457 1598 contemnendum

182 1623 374 1704 scriptorem,
410 1624 563 1687 concinna
598 1641 728 1704 operum
760 1624 995 1705 compositione,
1034 1634 1196 1696 venustate
1228 1628 1455 1707 descriptionis,

184 1721 289 1801 lepore
310 1728 340 1784 et
361 1722 560 1785 mollitudine
580 1723 733 1784 sermonis
755 1738 828 1784 eum
847 1722 902 1800 qui
928 1722 1046 1784 diutius
1068 1724 1198 1802 legentis
1219 1725 1360 1787 animum
1380 1725 1456 1788 deti-

183 1825 266 1882 neat.
295 1819 386 1882 llolle
418 1825 511 1899 atque
546 1821 681 1883 lacetum
713 1819 854 1882 aemulari
886 1821 998 1895 studet,
1037 1838 1101 1884 non
1128 1839 1251 1902 semper
1278 1823 1454 1898 infeliciter,

181 1918 356 1996 ducemque
363 1924 394 1982 et
405 1919 587 1998 magistrum
597 1917 764 1997 Virgilium
774 1917 926 1995 sequitur.
940 1917 1049 1980 Nescio
1058 1919 1134 1996 qaid
1145 1920 1293 1994 vividius,
1307 1919 1454 1993 validius,

183 2021 323 2078 torosum
344 2015 442 2094 magis
462 2015 627 2080 desideres.
646 2016 735 2089 Quod
754 2031 818 2077 non
836 2015 933 2093 magis
952 2017 1035 2095 apud
1054 2017 1228 2080 Ausonium
1248 2017 1365 2098 reperis
1386 2035 1456 2080 curn

184 2113 327 2176 bucolico
342 2113 449 2192 generi
463 2113 577 2189 studet,
594 2113 660 2175 sive
676 2111 709 2174 in
723 2111 850 2192 ldylliis,
868 2111 980 2175 sivein
994 2113 1126 2192 Eulogis.

541 2320 562 2392 s
576 2316 625 2379 IV.
644 2349 681 2360 -
695 2313 829 2394 Profuni
838 2323 933 2396 poetoe
947 2353 985 2360 -
999 2318 1087 2398 Epist
1091 2369 1097 2381 .

221 2505 383 2584 Languent
396 2510 426 2567 et
439 2505 536 2583 magis
551 2503 630 2584 epici
644 2510 753 2584 poetae,
771 2521 835 2567 uno
856 2511 994 2584 excepto.
1012 2505 1143 2584 Angusti
1157 2507 1284 2587 spiritus
1300 2507 1455 2583 homines,

183 2602 217 2666 in
241 2603 335 2684 epicis
358 2603 409 2666 vix
435 2603 563 2666 solitum
588 2603 687 2683 ldyllii
714 2603 843 2666 modum
868 2604 1032 2666 excedunt.
1067 2605 1124 2667 Dat
1145 2606 1235 2669 nohis
1263 2607 1455 2686 Reposianus

191 2702 325 2765 «Martis
348 2709 377 2764 et
402 2701 523 2764 Veneris
545 2700 757 2765 concubitum»
781 2701 837 2763 182
858 2701 1045 2764 hexametris
1068 2703 1267 2782 descriptum,
1283 2706 1372 2768 nullo
1392 2707 1456 2768 lere
1531 2737 1536 2752 ·

184 2798 301 2877 lepore,
333 2815 372 2861 ne
401 2799 507 2862 sordes
547 2799 675 2876 quidem
703 2805 824 2862 tentans
853 2797 1032 2877 huiusmodi
1073 2802 1247 2880 argumenti
1281 2809 1452 2880 attenuare,

184 2895 359 2959 inurbanus
373 2902 403 2958 et
416 2896 541 2976 pinguis
554 2896 684 2975 ingenii.
1420 2944 1425 2955 .

224 2992 297 3056 Sine
311 2994 438 3056 nomine
452 3001 551 3074 poetae
565 2995 605 3057 ad
624 3011 680 3057 nos
701 3001 911 3074 pervenerunt
930 2995 1003 3068 duo,
1024 3011 1159 3073 quorum
1179 2996 1257 3060 alter
1283 2998 1456 3062 «Achillem

184 3093 217 3154 in
247 3091 460 3154 Parthenone»
492 3091 531 3154 89
566 3092 754 3155 hexametris
786 3091 915 3166 effinxit,
947 3093 1026 3156 alter
1056 3094 1210 3156 «Didonis
1236 3097 1275 3158 ud
1298 3097 1448 3159 AEneom»

97 3171 105 3190 '
182 3189 344 3270 epistolam
361 3189 417 3252 150
432 3189 628 3252 hexametris.
646 3190 783 3266 Uterque
801 3190 963 3253 rhetorum
985 3190 1096 3254 ludum
1110 3193 1208 3271 magis
1222 3194 1347 3273 sapiunt
1361 3211 1455 3273 quarn

183 3286 334 3366 integram
350 3287 581 3365 antiquitatem3
602 3287 656 3350 ille
670 3287 813 3366 turgidus
828 3304 917 3366 aeque
932 3304 967 3351 ac
982 3289 1120 3368 putidus,
1138 3306 1202 3353 non
1219 3291 1286 3354 sine
1302 3293 1456 3371 prosodia

182 3385 342 3448 interdum
366 3385 539 3462 errorihus3
562 3385 614 3448 hic
638 3383 801 3448 sententiis
822 3390 852 3447 et
872 3385 1066 3448 sententiolis
1085 3387 1155 3466 plus
1175 3404 1265 3466 aequo
1281 3390 1453 3463 abundans,

181 3483 377 3560 nimiumque
397 3482 535 3562 repetitis
558 3482 667 3546 crehro
690 3482 847 3558 clausulis,
877 3483 1103 3547 cantilenarum
1118 3501 1206 3547 more
1225 3485 1323 3566 (quod
1342 3486 1455 3567 saepius

182 3580 272 3643 nohis
287 3582 413 3659 posthac
428 3585 581 3657 occurret)
590 3580 766 3658 indulgens.
774 3575 859 3643 Nihil
868 3580 906 3642 de
916 3580 1016 3661 Vespa
1029 3581 1196 3644 dicendum
1207 3584 1262 3661 qui
1281 3583 1456 3647 «ludiciurn

183 3678 246 3740 coci
256 3685 287 3740 et
295 3679 421 3756 pistoris
434 3677 538 3756 J'ediee
564 3677 715 3740 Vulcano»
737 3677 869 3758 scripsit,
892 3677 1030 3742 adhibita
1054 3680 1199 3758 pudenda
1221 3681 1407 3744 scurrilitate
1427 3689 1462 3744 et

183 3775 360 3838 litterarum
396 3776 512 3838 triviali
537 3777 711 3839 mutatione
741 3774 893 3856 (Satyros,
920 3775 1062 3849 Sutuross
1076 3777 1147 3864 alia
1174 3777 1372 3857 istiusmodi),
1396 3779 1456 3841 nisi

183 3873 269 3950 quod
288 3874 420 3936 «scimus
433 3872 615 3938 inurbanum
628 3873 720 3952 lepido
731 3875 987 3937 secnnnedicto»
1002 3897 1010 3950 3
1028 3874 1105 3936 nihil
1120 3875 1157 3936 de
1169 3874 1300 3937 Patricio
1309 3876 1454 3953 quodam,

181 3971 324 4049 graviore
351 3977 441 4050 poeta
470 3977 501 4033 et
527 3987 637 4051 parurn
665 3971 820 4050 expedito,
851 3971 906 4050 qui
933 3972 1069 4034 obsoleta
1095 3971 1273 4035 lahularum
1302 3974 1457 4052 farragine

181 4069 318 4146 nuptiale
331 4086 453 4132 carmen
464 4069 583 4148 pressit.
601 4068 649 4130 Ad
664 4068 871 4132 Claudianum
887 4085 1099 4148 properemus.

224 4167 384 4244 lllultiplex
411 4165 465 4228 ille
492 4166 601 4229 hahuit
623 4171 653 4227 et
677 4183 751 4228 vere
772 4166 870 4228 altum
899 4165 1071 4244 ingenium.
1105 4167 1223 4247 idyllia,
1252 4168 1456 4244 laudationes,

182 4264 303 4339 satiras,
320 4281 394 4345 epos
409 4280 579 4342 aggressus,
596 4264 674 4327 adeo
690 4254 824 4341 ae'uuales
839 4269 963 4344 praestat
978 4270 1012 4325 ut
1027 4263 1114 4328 aurei
1129 4266 1226 4328 seculi
1244 4267 1342 4345 poetis
1362 4283 1459 4331 annu·

184 4361 299 4424 merari
314 4361 378 4424 iere
392 4361 498 4440 possit.
515 4358 548 4422 ln
564 4361 682 4440 ldylliis
695 4361 812 4438 varius,
835 4361 967 4441 lepidus,
990 4362 1131 4441 quamvis
1152 4364 1190 4426 ad
1212 4363 1305 4427 nimis
1326 4365 1457 4428 humilia

186 4457 363 4534 descendat,
382 4463 523 4538 utsupra
539 4457 656 4521 dictum
671 4464 725 4534 est,
740 4459 773 4521 in
789 4458 1021 4522 laudationibus
1035 4459 1253 4539 magniloquus
1263 4466 1293 4524 et
1303 4461 1455 4536 sublimis,

184 4557 218 4618 in
244 4555 346 4618 satiris
365 4557 534 4620 vehemens
562 4562 592 4617 et
624 4556 816 4636 splendidus,
843 4573 914 4619 cum
945 4557 1076 4620 infames
1109 4558 1270 4636 optimates
1297 4559 1455 4633 dilacerat,

185 4653 294 4730 calcat,
315 4649 521 4734 «absolvitque
535 4653 644 4716 Deos.»
668 4653 778 4717 Acrius
794 4661 897 4717 tamen
910 4654 1037 4717 desaevit
1058 4661 1088 4717 el
1108 4651 1231 4733 longius
1251 4657 1458 4720 debacchatur

219 4794 249 4856 (¹)
268 4794 324 4846 Hoc
337 4795 416 4848 modo
428 4817 433 4845 2
560 4805 601 4848 hes
611 4804 681 4846 eadem
693 4803 777 4847 assidue
788 4808 892 4846 momento
902 4804 994 4846 volvitur
1005 4816 1045 4848 uuo

597 4869 664 4920 Atque
675 4866 728 4910 redit
740 4865 812 4920 dispar
823 4877 856 4910 res
865 4866 936 4908 eadem
947 4866 1040 4909 assidue.
