3592 5668
738 523 778 536 ..
797 489 837 554 dt
858 523 895 536 ..

181 605 283 782 ἓοιοο
305 604 485 668 adtentum
506 603 630 670 culmen
654 610 799 687 provecta
823 611 878 670 est.
905 605 969 672 Gur
991 620 1067 670 vero
1092 605 1244 686 «pentem
1266 604 1339 670 mitt
1357 605 1457 670 Rome

204 701 301 782 repitit
313 706 433 766 uuum?
446 726 464 762 ο

356 849 480 905 Romam
491 849 554 905 dieo
566 851 646 906 viros
659 862 732 917 quos
744 855 876 907 mentem
889 851 1036 906 oredimus
1049 851 1145 921 Urbis,

358 939 422 993 Non
436 940 570 1012 genium,
584 941 670 1008 cujus
682 941 795 995 frustra
808 942 969 997 simulatur
982 941 1089 1009 imago.
1106 937 1182 1011 (443)

222 1078 334 1157 Objicit
360 1079 561 1160 Symmachus
589 1099 606 1145 a
635 1082 782 1146 Romanis
806 1083 886 1146 Deos
910 1081 1085 1146 colentibus
1109 1098 1158 1144 res
1182 1097 1327 1163 prospere
1354 1088 1453 1162 gestas

181 1176 287 1241 tuisse.
309 1178 335 1240 Α
353 1179 418 1243 suis
439 1179 534 1259 igitur
554 1181 738 1245 numinibus
758 1198 792 1245 se
816 1180 954 1262 proditos
978 1179 1072 1245 luisse
1096 1179 1189 1244 ceteri
1209 1180 1321 1244 merito
1345 1180 1453 1261 populi

182 1282 366 1353 queruntur.
391 1278 475 1342 Num
492 1294 568 1344 vero
588 1280 654 1362 ipsa
675 1281 771 1346 Roma
791 1296 913 1360 semper
929 1280 1005 1343 vicit
1023 1279 1087 1343 suis
1110 1279 1168 1360 ipsi
1188 1279 1236 1343 Dii
1256 1278 1453 1343 laventibus?

182 1372 245 1437 Cur
262 1373 286 1436 ii
309 1377 391 1465 apud
414 1378 535 1443 Cannas
555 1385 663 1458 totque
689 1379 820 1444 infames
842 1379 1054 1442 Romanorum
1081 1377 1220 1450 cladibus
1240 1394 1364 1460 campos
1383 1394 1473 1442 ean·

116 1544 121 1552 g
182 1471 281 1536 obteri
309 1473 391 1555 passi
415 1477 510 1540 sunt?
525 1476 701 1558 Symmachi
725 1477 821 1558 ipsius
842 1477 949 1553 instar,
977 1475 1031 1556 qui
1047 1476 1205 1556 lugentem
1218 1475 1453 1557 supplicemque

182 1569 311 1635 Romam
326 1573 498 1652 effinxerat,
514 1564 557 1639 ita
573 1575 759 1640 Prudentius
773 1575 807 1639 in
821 1571 949 1639 scenam
960 1576 1048 1654 quasi
1064 1575 1178 1655 promit
1192 1577 1333 1652 Romam,
1346 1581 1453 1640 maesto

182 1686 245 1732 non
265 1688 320 1735 ore
338 1672 499 1752 deiectam,
520 1675 575 1738 sed
598 1675 657 1739 sihi
683 1675 890 1754 gratulantem
905 1675 990 1753 quod
1014 1674 1147 1750 alterum
1165 1675 1332 1741 Camillum
1350 1679 1451 1751 nach,

181 1769 298 1834 scilicet
313 1787 330 1834 a
345 1771 494 1837 stilicone
508 1780 661 1855 reparata,
678 1774 712 1838 in
725 1773 887 1855 pristinam
899 1773 1095 1852 iuventutem
1110 1773 1213 1840 rediit.

221 1868 269 1931 dd
284 1868 414 1934 alteram
421 1873 468 1936 rei
476 1878 597 1953 partem
613 1889 791 1950 conversus,
805 1871 991 1936 Prudentius
1004 1873 1071 1936 haec
1082 1879 1263 1950 argumenta
1276 1872 1454 1954 aggreditur

180 1965 296 2044 quihus
329 1967 541 2050 Symmachus,
571 1970 742 2036 Vestalium
774 1971 872 2036 iactus
903 1977 1062 2052 patronus,
1093 1977 1267 2037 asseruerat
1291 1971 1454 2036 sterilitate
1563 2013 1567 2020 -

180 2064 305 2145 frugum
320 2066 399 2131 Deos
412 2069 559 2148 malisse
576 2076 612 2134 ut
623 2069 927 2150 pucnasaVirginum
940 2069 1160 2150 spoliatoribus
1175 2076 1361 2150 repeterent.
1374 2071 1455 2146 Quid

181 2165 281 2228 vero?
297 2166 370 2232 llaec
392 2184 526 2233 annonae
553 2169 696 2251 penuria,
722 2185 798 2248 non,
824 2169 857 2232 id
881 2169 1039 2250 temporis,
1062 2169 1200 2250 primum
1222 2169 1341 2234 civibus
1362 2171 1454 2234 urbes

182 2279 341 2344 agrosque
351 2266 505 2331 exhausit.
523 2266 602 2330 Sunt
616 2266 714 2348 ipsius
724 2265 816 2348 pestis
832 2284 931 2332 causae
946 2284 963 2331 a
978 2274 1089 2332 natura
1101 2273 1186 2344 ortae,
1200 2282 1276 2347 quas
1291 2267 1457 2348 diligenter

179 2366 283 2441 poeta,
307 2380 366 2428 nec
382 2364 451 2429 sine
467 2365 620 2444 doctrina,
643 2366 786 2447 explicat.
808 2367 960 2447 Denique,
981 2367 1007 2430 si
1026 2366 1197 2432 Vestalium
1218 2367 1252 2430 in
1271 2366 1454 2448 spoliatores

180 2458 230 2522 Dii
257 2461 505 2528 animadvertere
530 2464 713 2542 voluissent,
741 2481 838 2544 quare
862 2465 1083 2529 sacricolarum
1109 2465 1190 2546 agris
1216 2481 1356 2546 parcens,
1380 2465 1453 2529 solis

179 2558 420 2628 christianorum
432 2563 718 2644 campislcalamitas
727 2580 791 2627 non
802 2562 975 2626 incumbit?
986 2564 1084 2639 Quam
1096 2569 1131 2626 ut
1139 2564 1300 2627 vitandam
1311 2563 1454 2644 agricolae

179 2665 299 2736 curent,
318 2662 469 2743 excerptis
489 2679 527 2726 ex
547 2661 717 2744 Evangelio
736 2662 897 2744 praeceptis
919 2661 958 2727 ad
976 2678 1050 2726 rura
1072 2661 1311 2743 pertinentibus,
1332 2662 1453 2726 Christo

177 2763 308 2837 pareant
322 2759 376 2840 qui
391 2760 486 2826 dixit:
924 2767 926 2771 ’

354 2907 554 2962 seminecum
567 2909 658 2964 sulcis
671 2907 869 2976 committitis,
884 2919 954 2961 arva
967 2909 1066 2962 cavete

353 2999 432 3050 Dura
445 2998 613 3064 lapillorum
625 2998 727 3067 macie,
743 3010 780 3052 ne
792 2996 906 3052 decidat
919 2997 980 3052 illic
1041 3005 1043 3010 “

323 3151 325 3156 Ι
353 3087 435 3150 Quod
448 3088 557 3142 seritur
574 3123 1044 3144 ...........................

354 3177 431 3232 Neue
456 3178 487 3232 in
501 3177 636 3244 spinosos
649 3179 804 3232 incurrent
817 3177 932 3232 semina
944 3188 1080 3243 vepres...
1095 3173 1210 3246 (1025...
1227 3173 1343 3246 1029...)

223 3321 343 3400 Quibus
364 3327 524 3406 absolutis,
548 3327 587 3393 ad
606 3328 724 3408 majora
743 3333 906 3410 provectus
927 3331 1017 3408 poeta
1038 3325 1223 3404 Vestalibus,
1248 3325 1345 3389 nimia
1369 3327 1450 3389 tama

179 3423 355 3504 celebratis,
373 3425 559 3491 christianae
573 3427 767 3508 Virginitutis
782 3426 953 3491 modestius
963 3431 994 3489 et
1005 3424 1143 3490 nobilius
1155 3424 1274 3489 conlert
1285 3424 1452 3507 exemplar.

176 3522 234 3586 Ista
247 3524 333 3588 enim
347 3523 447 3590 Vestae
459 3526 618 3591 sacerdos:

354 3681 460 3736 Fertur
471 3694 523 3748 per
536 3680 658 3752 medias,
672 3685 708 3736 ut
720 3681 839 3748 publica
851 3693 966 3749 pompa,
982 3680 1093 3746 plateas

352 3770 467 3826 Pilento
480 3772 611 3827 residens
623 3771 717 3841 molli,
731 3784 821 3838 seque
833 3783 882 3826 ore
896 3774 1005 3826 retecto

259 3886 264 3893 ·
306 3927 314 3942 .
352 3862 729 3928 umputetettonttevirgo
742 3861 910 3928 spectabilis
922 3861 999 3916 urbi.
1015 3857 1104 3927 (1088)
1163 3933 1166 3938 ἡ

218 4005 299 4084 Quin
338 4009 420 4075 ludis
456 4012 647 4078 circensibus
683 4013 778 4092 adest,
817 4017 858 4090 et,
889 4027 1039 4075 converso
1071 4007 1196 4090 pollice,
1232 4006 1451 4072 semianimum

173 4106 381 4186 gladiatorem
397 4111 617 4191 conficijuhet.
1199 4166 1201 4170 -

218 4207 281 4271 Ηοο
307 4207 479 4272 Vestalium
505 4209 709 4274 insectatione
735 4211 773 4274 ad
793 4225 885 4274 suurn
917 4206 1103 4272 Prudentius
1131 4206 1294 4287 ingenium
1327 4206 1450 4286 regredi

171 4304 311 4384 videtur,
322 4305 355 4369 id
369 4313 415 4371 est
429 4308 469 4371 ad
484 4307 635 4389 impeturn
651 4309 818 4389 quemdam
831 4324 946 4384 acrem,
957 4305 1447 4386 vehementiamquemordacem,

172 4406 356 4484 quaequod
370 4408 409 4471 ad
423 4407 582 4473 Circenses
597 4402 717 4485 attinet,
730 4415 762 4472 et
778 4407 988 4488 Augustinum
1008 4411 1040 4468 et
1054 4404 1204 4469 Senecam
1218 4404 1251 4468 in
1266 4403 1450 4470 memoriam

171 4503 306 4569 inducit.
336 4504 482 4570 Attamen
511 4524 528 4571 ο
558 4507 648 4571 nullo
674 4505 734 4570 nisi
762 4505 938 4571 Christiano
972 4520 1026 4568 ore
1055 4504 1115 4566 hoc
1148 4503 1279 4567 verbnm
1308 4502 1452 4567 excidere

172 4610 307 4685 poterat,
334 4622 397 4685 quo
420 4605 545 4672 nullum
563 4605 743 4685 humanius,
759 4605 856 4668 immo
878 4602 1015 4668 divinius
1034 4602 1117 4686 apud
1135 4618 1242 4667 omnes
1256 4599 1450 4682 antiquitatis

170 4707 281 4784 poetas
294 4704 446 4785 reperias:

352 4861 460 4916 Nullus
472 4861 504 4917 in
517 4862 586 4916 orbe
598 4860 693 4929 edat,
706 4859 847 4927 eujussit
858 4869 947 4925 poene
958 4859 1094 4924 voluptas
1125 4855 1216 4927 (1125)
