3592 5668
885 463 1053 528 -aa-ss‘

323 595 456 654 noun»,
483 581 648 658 coniecisse
673 582 876 646 Prudentium
897 581 977 644 alius
998 581 1126 662 insuper
1142 581 1287 644 carminis
1312 589 1473 646 auctorem
1492 583 1597 660 luisse.

324 676 412 750 Quod
427 695 503 758 opus
518 678 597 740 nihil
613 680 698 742 aliud
713 696 807 758 quam
825 677 1057 758 Peristephonon
1071 696 1136 742 esse
1151 679 1271 742 liressel
1284 680 1419 743 convicit
1433 681 1483 761 (¹),
1502 681 1602 760 cujus-

325 791 459 852 cumque
469 775 634 852 judicium,
651 784 686 840 ut
696 778 773 839 mihi
789 777 924 851 videtur,
941 777 1014 838 satis
1031 777 1197 856 cognoscit.

364 871 482 944 Quihus
496 891 569 936 vero
591 875 782 955 temporibus
801 891 930 936 suorum
953 875 1100 953 quodque
1122 891 1252 954 operum
1272 875 1458 938 Prudentius
1476 893 1599 956 compos

322 971 421 1032 suerit
434 970 564 1033 minime
580 973 689 1050 liquet.
710 974 778 1035 Non
799 973 872 1035 satis
894 978 939 1034 est
958 988 1070 1045 causae,
1089 988 1145 1034 cur
1157 972 1319 1034 credamus
1334 972 1539 1036 Prudentium
1564 973 1598 1036 in

322 1085 452 1131 suorum
467 1086 597 1148 operum
612 1070 761 1148 catalogo,
778 1069 951 1150 praelationi
964 1069 1118 1132 universae
1129 1069 1256 1144 inserto,
1269 1077 1446 1150 temporum
1456 1071 1600 1134 ordinem

322 1165 502 1229 servavisse.
526 1166 796 1229 ¹llerisimillimum
822 1173 930 1230 contra
963 1167 1100 1242 videtur,
1124 1167 1205 1229 hanc
1222 1167 1436 1246 praelationem
1464 1167 1601 1230 auctoris

323 1281 389 1326 esse
416 1281 546 1326 suorum
574 1281 703 1344 operum
726 1265 896 1328 editionem
921 1264 1117 1337 instruentis,
1145 1272 1176 1326 et
1198 1253 1311 1344 scripta
1336 1282 1392 1328 sua
1427 1266 1600 1327 secundum

323 1378 429 1423 rerum
457 1361 598 1424 ordinem
628 1362 848 1441 dispertientis.
877 1362 1033 1437 Attamen,
1058 1379 1130 1424 cum
1155 1363 1215 1425 hoc
1245 1361 1278 1424 in
1308 1363 1448 1441 catalogo
1470 1363 1601 1440 longea

324 1459 553 1522 Cathemerinon
566 1460 800 1539 Peristephnnon
813 1466 983 1536 removeat,
1001 1476 1090 1538 quos,
1107 1460 1133 1522 si
1152 1461 1297 1523 >absolute
1326 1477 1432 1522 rerum
1456 1459 1601 1522 ordinem

322 1563 483 1633 servasset,
500 1575 562 1620 una
579 1575 649 1621 oum
664 1559 916 1644 Cathemerinon,
934 1565 969 1621 ut
982 1559 1088 1638 lyrica,
1106 1559 1269 1638 posuisset,
1283 1559 1338 1621 tihi
1353 1559 1380 1622 si
1396 1576 1460 1621 non
1476 1558 1601 1620 creden-

324 1657 398 1718 dum
418 1662 473 1730 est,
497 1657 623 1719 credere
648 1657 757 1720 saltem
782 1657 865 1732 licet,
897 1657 948 1720 hic
972 1656 1178 1719 Prudentium
1201 1657 1401 1734 aliquatenus
1423 1663 1600 1735 temporum

322 1753 512 1829 meminisse,
535 1761 565 1817 et
585 1755 813 1818 Cathemerinon
838 1755 986 1836 primum,
1015 1755 1248 1834 Peristephanon
1274 1755 1433 1828 ultimum,
1461 1763 1516 1816 nat
1537 1755 1601 1834 fere

323 1853 471 1924 ultimum,
497 1854 657 1916 Prudentii
683 1872 760 1934 opus
785 1871 861 1929 esso,
886 1855 981 1932 quod,
1010 1863 1160 1928 ceterum,
1189 1852 1269 1915 nihil
1294 1854 1381 1916 aliud
1405 1852 1517 1932 prohat
1540 1852 1600 1915 nisi

324 1967 486 2020 uacuasque
502 1949 730 2014 Cathemerinon
745 1952 912 2032 prioribus,
934 1967 1099 2020 rcaansuue
1118 1951 1354 2030 Perictephunon
1375 1949 1600 2030 posterioribus

323 2049 483 2112 Prudentii
496 2051 617 2130 scriptis
632 2051 893 2113 annumerandas.

363 2147 451 2220 Quod
476 2148 515 2209 ad
540 2147 650 2209 Contra
671 2147 880 2226 Symmachum
903 2147 997 2210 libros
1017 2147 1126 2211 attinet
1151 2165 1231 2227 pene
1251 2154 1333 2210 certa
1354 2153 1492 2228 tempora
1514 2154 1597 2212 sunt.

323 2245 443 2307 Primus
459 2245 490 2306 C.
505 2245 536 2307 S.
561 2247 600 2306 ad
620 2245 834 2307 Theodosiana
857 2249 1007 2325 tempora,
1036 2247 1192 2308 secundus
1208 2246 1246 2308 ad
1266 2245 1397 2308 Honorii
1421 2253 1451 2308 et
1474 2245 1598 2309 Arcadii

323 2341 532 2422 principatum
547 2342 632 2405 hand
647 2343 741 2404 dubie
757 2342 901 2421 pertinet.
925 2343 1051 2405 Constat
1071 2341 1156 2404 enim
1175 2343 1262 2405 iilam
1276 2343 1421 2406 Victoriae
1439 2343 1520 2421 signi
1540 2343 1600 2406 his·

323 2440 527 2517 tortamque
542 2440 696 2502 librorum
713 2441 747 2503 C.
758 2439 788 2501 S.
798 2439 942 2502 materies
953 2446 1009 2516 est,
1020 2441 1196 2515 Constante,
1206 2439 1596 2519 Magnentiossonstantio,

322 2537 458 2613 tuliano,
480 2537 621 2613 Joviano,
646 2534 866 2600 Valentiniano
889 2537 1001 2617 primo,
1020 2538 1179 2613 Gratiano,
1202 2537 1423 2600 Valentiniano
1447 2538 1596 2611 secundo,

325 2635 509 2711 Theodosio,
532 2637 670 2699 Honorio
690 2627 895 2715 principibus,
915 2637 1024 2699 multis
1041 2636 1174 2710 vicibus,
1193 2636 1354 2700 duravisse
1371 2635 1418 2717 (2).
1436 2636 1510 2710 Quae
1526 2653 1599 2698 cum

323 2733 365 2795 ita
379 2733 451 2807 sint,
466 2735 599 2796 arduum
611 2735 734 2796 videtur
746 2732 778 2794 C.
794 2732 824 2794 S.
840 2733 993 2796 librorum
1005 2739 1144 2813 tempora
1155 2733 1598 2811 cognoscerePrimusautem

324 2831 355 2893 C.
372 2829 402 2893 S.
420 2831 499 2893 liher
515 2832 680 2894 Theodosii
705 2832 851 2894 laudibus
871 2832 1042 2904 exorditur,
1059 2832 1099 2894 de
1123 2847 1186 2909 quo
1206 2832 1380 2894 notandum
1399 2838 1446 2894 est
1462 2832 1599 2894 Pruden-

323 2929 413 3003 tium,
437 2929 469 2990 in
490 2929 673 2992 occidentali
694 2930 822 3008 regione
841 2937 924 2992 certe
945 2934 1114 3002 versatum,
1135 2935 1171 2991 ut
1186 2929 1227 2991 de
1250 2929 1424 2992 Occidentis
1444 2929 1595 3009 principe,

323 3026 418 3098 immo
443 3027 481 3089 de
506 3046 570 3090 uno
594 3034 625 3090 et
647 3028 797 3106 singulari
824 3028 907 3092 orhis
936 3027 1076 3110 principe
1105 3027 1203 3107 loqui.
1235 3027 1319 3089 Audi
1344 3033 1468 3106 poetam
1492 3027 1597 3108 ipsum

322 3125 367 3205 (C.
381 3125 411 3187 S.
428 3126 450 3201 l,
470 3125 538 3206 l0):

533 3254 659 3306 inclitus
672 3265 741 3318 ergo
754 3267 859 3318 parens
873 3255 975 3318 patriae
989 3253 1158 3307 moderator
1171 3256 1200 3306 et
1214 3253 1303 3322 orbis,

534 3342 581 3393 Nil
593 3342 655 3406 egit
667 3343 847 3405 prohibendo
862 3355 952 3407 vagas
966 3355 1003 3394 ne
1016 3341 1164 3406 pristinus
1177 3353 1257 3394 error

532 3431 667 3483 Crederet
680 3443 743 3483 esse
755 3433 851 3483 Deum
864 3431 1000 3496 nigrante
1015 3432 1071 3483 sub
1084 3443 1149 3482 aere
1163 3430 1292 3482 formas?

362 3562 433 3624 llaec
453 3562 490 3624 de
513 3560 688 3624 Theodosio
708 3561 854 3639 equidem
872 3561 1019 3626 videntur
1038 3560 1130 3637 dicta,
1151 3560 1207 3623 sed
1228 3564 1357 3640 possunt
1375 3559 1415 3622 ad
1435 3566 1596 3622 mortuum

323 3659 542 3735 Theodosium,
560 3662 668 3735 fateor,
686 3659 853 3739 pertinere,
871 3675 942 3724 cum
957 3657 1153 3738 praeteritum
1170 3661 1233 3738 epit
1252 3663 1360 3721 auctor
1378 3665 1518 3738 usurpet.
1536 3657 1597 3720 Sed

321 3759 482 3836 sequentia
498 3759 637 3838 legamus
652 3757 698 3838 (C.
715 3757 746 3819 S.
762 3758 785 3833 l,
801 3757 875 3835 28):

531 3894 647 3948 Aethio
660 3892 818 3959 imperium
832 3891 981 3960 protendit
995 3893 1086 3946 latius
1100 3906 1163 3946 aevo

529 3985 689 4036 posteriore
703 3984 765 4034 suis
779 3981 900 4045 cupiens
913 3981 1027 4034 sancire
1040 3983 1185 4035 salutem:

531 4072 679 4124 Nimirum
692 4073 792 4135 pulcre
807 4070 927 4138 quidam
941 4069 1131 4124 doctissimus
1145 4092 1150 4121 ι
1164 4073 1250 4124 Esset

532 4161 653 4213 Publica
666 4173 722 4220 res,
738 4161 845 4231 inquit,
859 4164 933 4214 tuno
945 4160 1098 4213 fortunata
1110 4161 1195 4227 satis,
1210 4160 1237 4213 si

533 4250 585 4301 vel
599 4261 683 4310 regas
696 4253 842 4316 saperent,
856 4250 903 4301 vel
917 4253 1077 4314 regnarent
1089 4249 1247 4314 sapientes.

530 4340 632 4390 Estne
647 4337 696 4388 ille
710 4349 861 4390 enumero
875 4350 1047 4408 paucorum,
1063 4339 1115 4404 qui
1128 4337 1262 4392 diadema

532 4427 635 4481 sortiti
648 4427 770 4479 aetheria
782 4429 941 4480 coluerunt
954 4429 1060 4492 dogma
1073 4425 1206 4492 Sophiae‘t

360 4569 369 4604 1
642 4605 644 4612 v
1514 4607 1516 4614 .

350 4570 380 4714 {²3
397 4568 609 4701 Illidlceeglghros.
621 4648 682 4698 adv.
696 4647 889 4712 Symmachum
901 4646 929 4697 in
946 4646 1072 4710 Grangaei
1090 4623 1285 4698 commentario
1301 4648 1336 4699 ad
1357 4649 1499 4700 Prudentii
1511 4648 1595 4700 libros

319 4731 346 4779 C.
360 4729 386 4780 S.
400 4744 425 4795 p.
437 4729 494 4787 ann
510 4727 703 4790 Augustinnm,
718 4726 818 4780 Ciuitas
829 4724 884 4784 Dei,
899 4725 931 4784 V,
943 4726 986 4782 td:
1001 4727 1156 4789 Symmachi
1168 4726 1309 4793 Epistulas,
1323 4727 1395 4794 epist.
1410 4727 1466 4780 LlV
1472 4744 1479 4788 ;
1492 4734 1550 4792 aut,
1559 4741 1595 4778 na

318 4811 413 4874 multa,
426 4807 544 4870 Dressel,
557 4808 582 4858 in
598 4808 738 4858 Prudentii
751 4807 878 4866 editione,
891 4807 936 4856 vll
949 4805 1074 4870 (notula).
