3640 5670
772 459 811 470 -
835 425 889 487 111
913 459 953 468 —-

218 537 404 650 penetrabile
422 539 545 621 (Psych.
565 537 645 623 115);
661 539 758 604 Soooe
781 539 827 622 (C.
851 541 881 605 S.
898 540 922 620 1,
940 539 1005 621 63);
1022 538 1108 604 triste
1122 537 1224 620 (Gatir.
1241 538 1278 617 V,
1293 538 1358 620 50);
1375 539 1496 604 diuerso

224 637 585 817 (pgissptuiliguffiuihus
595 737 804 817 colligendum
814 743 859 801 est
872 737 969 801 multa
980 737 1082 800 forsan
1095 752 1175 800 nova
1187 735 1350 818 protulisse
1361 737 1498 800 Pruden-

223 834 314 915 tium,
325 835 415 917 plura
430 844 465 900 ut
480 837 558 900 mihi
570 838 705 916 videtur,
717 854 734 900 e
746 837 874 901 vetustis
886 835 1100 900 voluminibus
1110 836 1282 916 repetiisse.
1296 835 1383 900 Nova
1398 835 1495 915 enim,

222 951 273 998 me
284 933 400 1012 iudice,
422 935 613 999 necessitatis
632 953 722 1000 causa
742 936 841 1015 fingit,
856 941 978 999 vetusta
993 933 1187 1014 antiquitatis
1206 933 1309 998 studio
1329 940 1453 1015 reparat
1467 941 1498 997 et
1607 967 1611 976 ·

222 1033 365 1096 restituit.
379 1033 656 1109 Quemadmodum,
670 1040 704 1097 ut
718 1033 864 1112 vidimus,
877 1039 997 1097 vetusta
1009 1049 1079 1112 quae
1091 1034 1128 1096 ad
1142 1031 1388 1097 Christianorum
1404 1032 1497 1096 fidem

221 1131 392 1212 pertinent,
407 1148 463 1214 per
484 1140 699 1212 monumenta,
715 1132 863 1210 tumulos,
879 1132 1087 1212 catacumbas,
1102 1148 1157 1212 per
1178 1131 1230 1195 iila
1252 1131 1346 1196 etiam
1367 1148 1437 1212 quaa
1458 1131 1496 1194 de

222 1227 413 1310 martyribus
439 1231 598 1294 memoriae
626 1231 790 1295 hominum
814 1231 924 1295 tradita
949 1237 1035 1310 suut,
1060 1229 1289 1294 accuratissime
1312 1236 1494 1310 aucupatur,

222 1326 264 1391 ita
279 1327 369 1392 latini
383 1329 535 1394 sermonis
549 1337 580 1392 et
593 1329 761 1406 studiosus,
771 1329 899 1410 antiqua
913 1328 1030 1408 liuguae
1044 1346 1180 1393 romanco
1194 1335 1398 1393 monumenta
1413 1346 1498 1392 scru-

223 1430 316 1506 tatur,
341 1443 377 1491 ea
400 1427 553 1508 imprimis
578 1445 648 1508 qum
672 1435 833 1509 poetarum
859 1434 944 1508 sunt,
970 1432 1001 1490 et
1025 1426 1158 1506 Horatii,
1184 1425 1319 1507 Virgilii,
1345 1426 1495 1506 Lucretii,

223 1523 445 1604 antiquiorum,
467 1527 571 1603 credo,
592 1526 685 1590 etiam
709 1526 870 1590 volumina
894 1525 1065 1590 versavisse
1088 1525 1224 1589 videtur.
1245 1525 1288 1590 ita
1313 1525 1347 1587 m
1371 1532 1408 1588 ut
1432 1541 1495 1588 uon

221 1621 323 1687 solum
337 1623 470 1687 eximius
484 1630 586 1704 poeta,
598 1623 699 1705 gravis
711 1624 784 1687 fidei
802 1624 959 1704 magister,
975 1624 1027 1687 sed
1049 1629 1079 1686 et
1097 1622 1210 1704 poetici
1226 1622 1377 1688 sermonis
1392 1622 1495 1703 latini,

201 1777 205 1785 .
221 1720 346 1801 partim,
361 1738 417 1803 pro
431 1721 515 1784 virili
532 1730 632 1802 parte,
647 1730 807 1804 reparator
821 1723 926 1786 suerit.
