3592 5668
918 525 954 536 -
979 491 1015 553 12
1035 521 1074 532 ..

363 603 588 682 antiquissimo,
610 606 738 668 maximi
766 620 964 684 quacumque
988 605 1110 668 ratione
1133 603 1289 682 ponderis,
1312 602 1367 680 qui
1391 603 1520 667 ineunte
1543 611 1632 667 serto

362 701 620 776 secuiouidetur
652 708 806 777 exaratus,
835 702 999 780 reperitur,
1034 718 1091 765 nec
1124 703 1157 764 in
1188 700 1335 764 Romanis
1368 700 1525 763 codicibus
1552 717 1631 779 quos

363 797 485 860 Dressel
516 798 744 861 accuratissime
773 799 912 878 perlegit.
942 799 1176 862 Recentioribus
1211 798 1244 861 in
1276 797 1434 860 codicibus
1468 798 1569 862 littera
1600 798 1629 860 li

250 896 254 903 '
364 894 466 957 addita
480 895 614 971 videtur,
631 897 697 958 sive
711 896 844 970 incuria,
861 896 926 960 sive
950 895 1043 958 Marci
1066 895 1186 968 Aurelii
1208 896 1312 958 nescio
1338 911 1399 974 qua
1414 895 1629 959 recordatione

362 993 514 1055 efficiente
529 1000 563 1055 ut
578 1010 672 1073 prope
686 1000 794 1073 sponte
808 1011 864 1058 sua
886 994 987 1057 littera
1010 995 1038 1056 li
1062 995 1183 1057 nomini
1206 993 1335 1056 Aurelio
1361 994 1630 1068 accrescat.,Quod

310 1122 313 1126 ·
362 1090 401 1152 ad
426 1091 568 1153 Flauium
591 1109 772 1171 praenomen
800 1093 919 1166 attinet,
951 1092 1075 1154 nulium
1102 1091 1315 1155 testimonium
1343 1091 1479 1154 occurrit
1506 1092 1566 1154 nisi
1596 1092 1629 1154 in

363 1187 518 1250 chronicis
545 1204 616 1267 quaa
641 1191 698 1252 sub
728 1190 832 1252 Dextri
855 1190 982 1252 nomine
1004 1190 1277 1264 circumferuntur,
1301 1184 1470 1268 inquibus
1490 1190 1529 1252 ad
1555 1207 1627 1253 ann.

363 1284 422 1346 388
437 1285 585 1364 legimus:
609 1287 734 1350 «Floret
747 1288 792 1351 rt.
806 1287 1028 1350 Prudentius...
1043 1311 1056 1346 a
1077 1287 1152 1362 Quae
1166 1287 1276 1352 litterae
1290 1287 1335 1361 ill,
1353 1287 1441 1351 nullo
1457 1287 1519 1351 aiio
1535 1287 1629 1351 docu-

363 1388 469 1444 mento
497 1384 587 1446 nobis
612 1385 804 1458 obversante,
829 1385 918 1448 nobis
939 1385 1086 1448 videntur
1107 1384 1186 1447 nihil
1211 1385 1296 1448 aliud
1325 1401 1390 1446 esse
1417 1384 1476 1448 nisi
1487 1385 1630 1448 litteras

364 1479 477 1556 quibus
490 1482 603 1544 Froaar
618 1482 725 1562 incipit
741 1483 939 1562 indiligenter
953 1483 1091 1565 repetita
1104 1483 1252 1564 (¹).Nibil-
1263 1483 1300 1550 de
1315 1482 1629 1558 hoci’taar'ocodices,

364 1593 441 1655 quos
465 1579 531 1642 sive
561 1579 681 1643 bressel
706 1580 795 1654 vidit,
824 1580 890 1642 sive
916 1580 980 1660 ipse
1007 1580 1140 1643 versavi.
1169 1581 1316 1644 Nostrum
1344 1578 1440 1658 igitur
1466 1579 1630 1643 Aurelium
1703 1654 1708 1663 Ι

364 1675 566 1739 Prudentium
580 1678 771 1740 Clementem
785 1693 942 1740 vocemus.

404 1772 575 1852 Hispanum
587 1774 679 1836 luisse
691 1774 893 1837 Prudentium
908 1775 991 1837 inter
1002 1791 1109 1837 omnes
1119 1774 1187 1838 sine
1199 1774 1263 1837 ulla
1276 1774 1485 1837 controversia
1501 1781 1630 1838 constat.

364 1869 455 1949 Apud
471 1871 640 1934 ilenricum
654 1872 761 1938 Florez
777 1872 930 1952 (Historia
948 1890 1038 1935 sacra
1052 1873 1074 1946 1,
1092 1889 1158 1953 cap.
1175 1873 1226 1947 IX,
1243 1872 1274 1951 9)
1291 1873 1421 1951 legimus
1435 1873 1630 1936 (ilementum

364 1968 513 2034 familiam
528 1966 768 2049 Caesaraugusta
782 1969 934 2034 floruisse.
951 1970 1039 2044 Quod
1054 1971 1115 2036 nisi
1134 1971 1182 2034 bis
1201 1976 1301 2050 poeta
1316 1968 1458 2034 versibus
1471 1971 1629 2036 eluceret:

681 2125 738 2178 Noa
751 2127 843 2180 Vasco
856 2125 982 2177 Hiberus
994 2124 1099 2178 dividit

680 2213 761 2266 Binis
774 2217 902 2266 remotos
912 2203 1048 2278 'alpibus

680 2301 989 2354 Transcottianorum
1000 2304 1083 2370 juga,
1161 2327 1162 2332 κ
1295 2372 1296 2377 ¹

680 2393 776 2444 Trana
789 2395 818 2445 ct
830 2393 958 2458 Pyrenas
971 2391 1130 2458 ninguidos
1138 2387 1183 2462 (ἲ),

362 2527 428 2609 ipsa
464 2529 624 2596 Prudentii
655 2531 779 2612 scripta,
807 2531 938 2606 indoles,
969 2531 1132 2610 ingenium
1168 2532 1251 2594 ultro
1286 2533 1494 2612 profiteretur.
1528 2533 1632 2598 liebus

364 2626 448 2690 enim
467 2628 636 2709 hispanicis
654 2629 822 2692 vernacula
845 2630 979 2707 quadam
999 2629 1111 2709 pietate
1130 2629 1233 2696 studet
1256 2629 1482 2710 incumbitque.
1505 2629 1632 2694 Sancto·

364 2741 436 2786 rum
471 2727 611 2789 encomia
653 2742 724 2805 quae
763 2726 1005 2806 Peristephanon
1045 2726 1187 2789 inscribit
1220 2742 1237 2788 a
1272 2729 1459 2806 martyribus
1494 2727 1632 2808 hispanis

364 2821 581 2898 exordiuntur,
612 2829 642 2886 et
669 2823 702 2886 in
732 2822 780 2886 his
804 2820 953 2903 pleraque
977 2829 1152 2886 versantur.
1184 2823 1255 2886 Hac
1285 2831 1316 2886 et
1345 2823 1506 2903 quodlibet
1529 2827 1633 2905 operis

360 2936 461 2998 genus
480 2921 625 2994 absolvit,
649 2921 692 2985 ita
714 2922 850 3001 quodam
872 2921 968 2984 animi
990 2920 1107 3000 impetu
1130 2921 1264 2998 terrens,
1280 2938 1362 2997 acer,
1379 2939 1514 3002 pugnax,
1530 2923 1630 3000 ieron,

363 3017 592 3100 magniloquus,
617 3024 651 3083 ut
675 3009 868 3100 hispanicam
892 3018 981 3098 quasi
1006 3018 1158 3083 feritatem
1181 3019 1214 3081 in
1234 3036 1271 3082 eo
1294 3020 1384 3082 lacile
1406 3021 1631 3100 deprehendas.¹

364 3115 510 3190 Quamvis
531 3117 650 3182 Horatii
674 3122 704 3181 et
718 3117 844 3204 *Virgilii
863 3115 1000 3195 vestigiis
1023 3116 1152 3191 insistat,
1173 3116 1333 3193 Senecam,
1356 3119 1530 3194 Lucanum,
1554 3118 1631 3198 quin

326 3269 328 3272 .
363 3213 459 3275 immo
474 3213 656 3289 Martialem,
672 3215 771 3296 patria
788 3214 982 3292 contagione,
998 3214 1078 3294 sapit
1092 3223 1122 3276 et
1136 3215 1266 3278 redolet.

404 3309 479 3384 Quae
493 3327 567 3374 vero
583 3313 656 3374 urbs
671 3312 827 3390 Hispania
842 3309 1044 3374 Prudentium
1064 3310 1163 3372 civem
1177 3311 1237 3374 sibi
1256 3311 1367 3374 merito
1382 3311 1520 3375 vindicet
1536 3314 1634 3391 ambi·

361 3406 457 3486 gitur.
479 3408 606 3484 Eadem,
631 3423 702 3486 qua
728 3424 821 3488 supra
847 3406 1171 3482 commemoravimus,
1195 3408 1341 3470 chronica
1364 3409 1469 3472 Dextri
1491 3410 1633 3474 referunt

361 3505 568 3568 Prudentium
586 3503 700 3588 epatre
714 3513 989 3585 caesaraugustana,
1007 3514 1105 3569 matre
1123 3495 1357 3586 calagurritana
1371 3514 1499 3569 autam»
1526 3509 1631 3571 nescio

365 3617 428 3681 quo
443 3608 580 3666 auctore.
596 3602 660 3668 Alii
679 3610 784 3666 autem
799 3603 1111 3681 Caesaraugustanum
1130 3602 1224 3666 tuisse
1243 3603 1430 3666 Prudentius
1449 3603 1629 3684 opinantur,

365 3699 419 3763 alii
434 3700 713 3782 Calagurritanum,
728 3699 792 3774 alii,
809 3701 981 3784 pauciores,
1001 3700 1274 3766 Tarraconensem.
1291 3700 1351 3774 Qui
1366 3701 1631 3780 Caesaraugustam

365 3798 523 3862 Prudentii
548 3799 679 3879 patriam
701 3814 767 3861 asse
790 3803 901 3880 putant
925 3796 1022 3876 (inter
1045 3813 1123 3876 quos
1147 3797 1256 3872 Aldus,
1286 3799 1421 3864 loannes
1445 3799 1571 3862 Vasacus
1598 3801 1631 3862 iu

365 3894 519 3963 Chronico
541 3896 676 3976 Hispano
696 3897 736 3962 ad
755 3911 876 3961 annum
894 3895 966 3970 351,
982 3893 1157 3975 Stephanus
1173 3896 1366 3959 dhamillard
1383 3896 1417 3960 in
1434 3896 1571 3960 editione
1590 3897 1632 3961 ad

364 4009 457 4058 usum
488 3993 645 4074 Delphini,
675 3995 786 4084 Georg,
810 3992 983 4071 ,Fabricius
1013 3994 1115 4074 Baehr)
1140 3992 1285 4062 nituntur
1306 3994 1344 4060 iis
1369 3994 1445 4060 locis
1472 3994 1632 4060 Prudentii

365 4096 569 4169 poematum:
1033 4097 1036 4104 '

403 4187 515 4252 Perat.
531 4188 580 4267 tv,
597 4189 640 4252 l:

679 4316 731 4376 lits
742 4315 960 4375 norcmnostcr
972 4317 1101 4383 populna
1114 4318 1171 4370 aab
1186 4330 1247 4373 uno

681 4408 844 4475 martyrum
855 4412 954 4466 serrat
964 4407 1078 4460 cineres
1091 4409 1226 4477 sepulcro

681 4497 937 4562 cesaraugustam
952 4495 1115 4548 vocitamus
1131 4499 1236 4550 urbem

821 4585 878 4638 Res
890 4585 939 4639 cui
951 4588 1036 4638 tanta
1047 4588 1102 4638 est.

395 4730 426 4796 (¹)
444 4733 484 4786 Gi.
495 4730 613 4795 Dreasel,
626 4733 769 4786 Prudentii
778 4733 936 4796 editionem,
946 4734 1105 4801 Protagora„
1117 4737 1181 4802 pfl,

337 4871 340 4876 .
396 4814 427 4879 (²)
443 4814 659 4876 Partst.,11,537.
