3592 5668
860 551 899 560 -
920 515 959 578 60
980 549 1019 557 .-

343 632 393 695 Sic
423 637 495 696 ante
527 630 597 712 galli
632 641 755 696 cantum
790 632 898 695 Petrus
930 631 1083 694 Christum
1120 625 1254 708 negauit.
1290 627 1346 692 Vix
1384 634 1487 691 autern
1521 627 1573 691 lux

304 738 470 811 appareat:

673 842 733 894 Hoc
746 853 809 894 esse
821 841 944 906 signnm
957 839 1072 904 praescii

674 929 789 982 Norunt
800 929 952 994 promissae
965 929 1037 993 spei.
1051 923 1151 995 (Colle.
1166 929 1188 993 1,
1204 927 1248 992 46)

270 1134 272 1138 ,
342 1079 417 1144 Inde
432 1078 587 1143 credimus
601 1079 659 1142 sub
670 1086 772 1142 ortum
786 1079 858 1142 solis
874 1095 911 1142 ex
928 1077 1035 1140 inieris
1048 1076 1204 1142 Christum
1220 1074 1370 1140 rediisse:

674 1243 800 1308 Jamjam
815 1242 967 1308 quiescent
980 1241 1121 1307 improba,

674 1335 740 1386 Jam
752 1333 838 1396 culpa
851 1331 936 1384 furva
950 1331 1123 1396 obdormiat,

673 1424 739 1474 Jam
752 1433 829 1474 nona
841 1421 949 1486 letalia,
964 1433 1056 1473 snum

673 1513 811 1576 Perpenna
824 1523 973 1572 somnum,
988 1512 1125 1562 marceat.
1142 1505 1241 1578 (Catu.
1258 1511 1280 1571 1,
1295 1506 1339 1574 74)

344 1660 398 1724 llic
422 1660 608 1726 Prudentius
646 1661 757 1726 iisdem
779 1669 810 1726 et
828 1662 894 1726 lere
923 1661 1038 1740 verbis,
1073 1661 1270 1724 Aurrbrosiunn
1298 1659 1451 1738 sequitur,
1482 1656 1572 1718 ambo

304 1759 432 1820 tortasse
460 1757 662 1836 Simonidem,
692 1761 780 1838 qu'us
818 1759 1005 1840 quicumque
1044 1759 1192 1840 memoria
1231 1764 1316 1821 tenet
1346 1755 1573 1820 celeberrima:

308 1857 452 1931 enormi,
476 1875 562 1938 puer,
590 1855 760 1921 obdormiet
778 1858 914 1938 pelopea,
942 1855 1116 1920 obdormiet
1139 1857 1230 1920 moles
1253 1857 1432 1918 motorum»
1472 1852 1574 1928 Quali-

303 1971 435 2034 euntque
463 1955 554 2018 ruodo
583 1972 616 2020 se
643 1971 693 2020 res
709 1955 831 2035 habeat,
844 1957 884 2018 ita
902 1956 1099 2036 prosequitur
1115 1954 1323 2018 Prudentius:

675 2097 752 2148 Sunt
765 2085 869 2160 nempe
883 2095 958 2148 falsa
971 2098 1001 2150 et
1013 2094 1118 2150 frivola

672 2187 744 2248 Quae
756 2185 900 2238 mundiali
914 2186 1018 2254 gloria,

674 2273 734 2326 Ceu
746 2275 924 2328 dormientes
936 2274 1063 2340 egimus.

672 2363 846 2432 Vigilemus,
862 2363 910 2416 hic
922 2367 968 2416 est
980 2361 1104 2418 veritas!
1119 2359 1231 2431 (Calin,
1247 2365 1268 2428 l,
1283 2362 1329 2428 89)

343 2511 407 2572 Hoc
423 2511 543 2590 epilogo
559 2511 714 2576 concludit
729 2529 865 2586 carmen,
883 2513 963 2592 quod
978 2529 1036 2576 nec
1056 2519 1142 2576 motu
1157 2513 1251 2593 viget,
1272 2529 1330 2575 nec
1349 2511 1453 2575 multis
1471 2510 1575 2588 imagi-

303 2607 395 2671 nibus
420 2616 599 2684 exornatur,
622 2615 653 2674 et
677 2611 779 2691 potius
805 2628 923 2675 sacrant
950 2609 1134 2674 concinnent
1158 2627 1250 2691 quarn
1278 2611 1428 2691 hymnum
1452 2607 1575 2671 uidetur

303 2723 334 2768 sa
359 2723 425 2770 ere.

339 2723 392 2884 I(³13)
418 2805 624 2884 Allegoricum
650 2805 688 2870 ad
708 2823 806 2885 genus
834 2807 971 2886 pertinet
994 2823 1117 2887 quoque
1147 2824 1290 2873 secuunus
1318 2805 1573 2886 peristephanon,

303 2903 452 2980 ampliore
467 2908 569 2965 tannen
581 2903 681 2967 addita
699 2905 915 2984 descriptionis
930 2911 1028 2985 parte.
1046 2907 1078 2968 lu
1093 2923 1151 2986 qua
1167 2914 1327 2986 postquam
1343 2911 1431 2986 poeta
1455 2903 1576 2966 «Solem

303 2999 421 3081 ipcertnr
434 3010 602 3082 sternentem
617 3027 628 3059 t
651 3003 825 3083 descripsit,
842 3021 902 3084 quo
914 3004 1066 3068 redeunte
1077 3005 1177 3068 subito
1193 3003 1319 3068 sceleris
1330 3004 1487 3067 conscium

674 3159 768 3227 Piget,
781 3160 924 3227 pudescit,
938 3159 1073 3228 poenitet,
1088 3156 1146 3230 (C,
1161 3161 1252 3228 11,2tt)

302 3305 376 3368 alios
391 3307 458 3370 aliis
473 3307 581 3371 studiis
597 3310 749 3373 exercitos
765 3309 907 3372 homines
922 3310 1076 3374 ostendit:
1095 3310 1236 3374 Rusticus
1251 3317 1282 3373 et
1298 3315 1451 3372 mercator

673 3467 768 3518 Auara
780 3467 932 3532 suspirant
945 3467 1037 3520 lucra.

672 3556 711 3607 At
726 3567 790 3618 noe,
805 3555 905 3608 lucelli
918 3559 948 3609 et
960 3555 1074 3608 faeroris

673 3643 823 3709 Fandique
836 3657 956 3709 prorsus
971 3644 1072 3709 nescii,

300 3794 447 3856 Jacobum
477 3793 644 3874 inuitentur,
660 3793 726 3874 qui,
742 3794 799 3858 sub
814 3795 997 3873 diluculum,
1011 3812 1081 3858 cum
1093 3829 1096 3836 ·
1108 3795 1218 3874 angelo
1234 3809 1428 3874 congressus,
1455 3791 1576 3857 sudavit

304 3894 402 3970 impar
417 3891 566 3971 praelium.
585 3894 675 3956 Teste
691 3894 754 3956 Deo
766 3891 842 3956 nihil
859 3893 1034 3972 improbum
1050 3910 1187 3973 agamus.
1204 3893 1271 3968 Hic,
1289 3891 1452 3971 descriptis
1478 3889 1574 3953 horni-

303 4005 378 4050 nunn
394 3989 549 4053 laboribus
565 3997 595 4052 et
608 3990 712 4053 Jacobi
728 4007 797 4056 cunt
813 3991 923 4070 angelo
939 3992 1121 4068 certamine,
1144 3991 1292 4055 nonnulla
1318 3991 1421 4054 subest
1443 3989 1575 4052 varietas

185 4103 197 4122 ·
302 4096 333 4149 et
352 4105 498 4151 excursus
517 4089 604 4167 quasi
624 4089 815 4169 pindaricus,
841 4089 906 4169 qui,
933 4107 1002 4152 curn
1030 4089 1132 4169 aptius
1162 4097 1227 4152 tum
1255 4089 1352 4152 insius
1378 4089 1408 4150 in
1438 4088 1574 4152 carmina

302 4204 403 4248 renato
418 4187 616 4267 exspatiatur.

342 4287 389 4366 (ll)
409 4285 465 4360 Qui
491 4292 561 4348 onte
589 4283 689 4348 cibare
713 4284 905 4349 inscribitur.
936 4285 1107 4350 Exordium
1135 4286 1266 4350 sublime
1295 4293 1326 4349 et
1354 4302 1428 4349 vere
1456 4301 1574 4350 sacratu

278 4384 417 4464 ‘poesirn
430 4384 596 4448 redolens:
677 4411 681 4419 ¹

670 4505 692 4557 0
705 4502 839 4572 crucifer,
853 4505 928 4557 bone
941 4504 1081 4558 lucisator

670 4593 874 4663 Omniparens,
888 4593 945 4659 pie,
959 4593 1128 4659 verbigena.
1142 4591 1196 4660 (C.,
1217 4597 1256 4649 ΙΙΙ
1271 4591 1297 4662 1)

570 4761 572 4764 ’
670 4773 802 4826 Nominis
816 4776 851 4827 ut
863 4775 920 4827 snb
933 4773 1043 4826 honore
1054 4773 1101 4827 tui

672 4865 730 4916 Hae
743 4863 845 4929 epulas
858 4864 945 4917 liceat
956 4876 1068 4928 capere.
1082 4859 1129 4930 (C.
1144 4866 1193 4928 111,
1208 4860 1234 4931 8)
