3592 5668
850 538 889 550 ..
909 505 949 568 58
975 541 1007 550 -

296 619 403 700 arripit
416 629 541 685 sensum
556 621 740 687 Prudentius
755 628 798 701 et,
811 623 875 701 jam
889 623 998 702 eiluse,
1014 640 1069 685 suo
1084 639 1181 701 more,
1199 623 1355 703 explicat:

664 806 791 871 Jamy'am
805 806 957 870 quiescant
970 805 1112 873 improba,

666 896 732 948 Jam
745 895 831 960 culpa
843 894 930 948 furva
942 895 1115 963 obdormiat,

667 985 733 1036 iam
745 997 822 1036 noxa
835 984 942 1054 letalia,
958 997 1048 1038 suum

666 1075 803 1138 perpessa
816 1087 964 1142 somnum,
979 1077 1117 1127 marceat.
1132 1069 1234 1142 (Catia.
1247 1077 1270 1138 l,
1286 1069 1368 1142 73...)

335 1257 465 1320 imitatio
485 1258 644 1322 manifesta
663 1265 722 1332 est.
743 1257 851 1322 ltidem
872 1276 941 1321 cam
964 1258 1002 1320 de
1019 1257 1164 1337 virginali
1183 1263 1272 1338 partu
1297 1257 1410 1321 dixerit
1433 1256 1565 1320 Ambro-

297 1353 360 1416 sius
373 1355 507 1435 (llymno
522 1355 573 1437 IV)
589 1378 596 1419 :

668 1514 760 1566 Alvus
774 1512 914 1566 tumescit
926 1513 1051 1578 virginis

667 1603 837 1656 Clausorum
850 1603 969 1668 pudoris
982 1606 1146 1669 permanet,

299 1770 495 1850 Prudentius,
512 1772 642 1836 mirabili
661 1773 780 1852 lepore,
801 1790 926 1836 sensnm
945 1773 1181 1846 Ambrosianum
1201 1773 1315 1837 evolvit
1334 1773 1392 1836 hoc
1414 1772 1505 1837 modo
1520 1794 1539 1836 :·

606 2011 610 2020 ι
669 1948 818 2013 Sentisne,-
830 1948 912 2012 virgo
925 1947 1043 2012 nobilia,

668 2039 782 2090 Matura
796 2050 845 2103 per
859 2037 988 2102 fastidia,

669 2127 790 2196 Pudoris
803 2127 950 2180 intactum
964 2128 1053 2179 decus

668 2217 781 2269 Honore
792 2215 1050 2280 partuserescerea
1067 2212 1166 2283 (Catia.
1183 2217 1234 2283 XI,
1249 2213 1294 2280 53)

338 2380 462 2445 Talibus
485 2385 515 2444 iu
537 2381 791 2447 similitudinibus
813 2400 875 2446 non
898 2383 1056 2447 immorari
1079 2382 1183 2461 velim,
1207 2399 1248 2446 ne
1274 2381 1383 2446 credas
1409 2388 1505 2444 totum
1533 2382 1571 2444 ab

297 2478 459 2542 Ambrosio
476 2481 678 2544 Prudentinm'
697 2481 846 2560 pendere,
870 2489 1064 2546 cumcontra
1086 2487 1207 2545 tantum
1228 2480 1280 2543 ille
1303 2481 1377 2543 huic
1399 2480 1478 2542 viam
1503 2496 1574 2558 ape-

299 2579 407 2658 ruerit,
436 2579 497 2642 duv
525 2581 680 2660 equidem,
711 2598 775 2644 non
800 2582 957 2662 magister.
989 2581 1308 2644 Animadvertendum
1333 2580 1425 2642 etiam
1451 2596 1512 2642 non
1536 2579 1574 2642 ad
1629 2642 1636 2652 ,

299 2678 442 2740 eumdem
457 2679 552 2741 finem
567 2678 639 2743 hinc
654 2680 864 2759 Ambrosium,
879 2681 965 2743 illinc
980 2679 1182 2744 Prudentium
1197 2678 1360 2742 manifesto
1375 2678 1572 2758 spectavisse.

300 2773 439 2838 Vidimus
454 2777 538 2840 enim
557 2778 754 2840 Ambrosium
774 2779 812 2842 ad
834 2778 1014 2859 popularem
1029 2795 1166 2857 sensum,
1182 2793 1296 2856 mores,
1313 2793 1435 2842 vocem.
1454 2793 1574 2840 musam

299 2890 386 2936 suam
400 2875 658 2939 accommodasse.
680 2876 759 2940 Hinc
781 2877 916 2941 brevitas
939 2877 1136 2958 hymnorum,
1161 2876 1313 2939 sermonis
1332 2874 1489 2939 humilitas
1509 2876 1576 2937 iere

300 2972 367 3034 sine
383 2971 565 3052 imaginibus
581 2981 633 3038 aut
654 2972 772 3054 figuris,
795 2983 929 3040 metrum
951 2975 1113 3056 populare,
1136 2975 1218 3038 idem
1238 2990 1375 3054 semper,
1398 2975 1514 3053 optime
1537 2976 1575 3038 ad

301 3071 485 3135 cantilenam
514 3079 618 3154 aptum
644 3073 739 3154 (quod
768 3075 921 3154 posterius
951 3076 1057 3138 versus
1088 3074 1214 3154 gallicus
1244 3072 1480 3154 octosyllahicus
1508 3075 1575 3136 lieri

301 3170 444 3249 debehat,
461 3177 521 3234 tam
536 3171 635 3235 media
652 3180 741 3236 aetate
757 3173 911 3254 vulgatus)
928 3173 978 3256 (1).
1002 3173 1082 3236 Hinc
1101 3181 1132 3236 et
1153 3173 1378 3236 sententiarum
1400 3172 1529 3235 candida
1546 3180 1577 3234 et

301 3269 422 3344 sincera
442 3269 631 3349 simplicitas,
655 3287 717 3334 non
740 3273 885 3350 quaesitus
906 3273 1005 3351 lepos,
1029 3278 1133 3352 aperta
1159 3279 1190 3334 et
1211 3273 1346 3350 ingenua
1368 3270 1494 3334 libertas
1512 3287 1575 3334 non

302 3367 368 3429 sina
381 3359 580 3447 sublimitate,
597 3369 679 3432 unde
694 3371 729 3431 iit
743 3376 776 3433 ut
791 3371 873 3433 dicas
891 3379 919 3433 te
935 3371 1019 3451 quasi
1036 3388 1073 3434 ex
1088 3371 1284 3434 incunabulis
1304 3367 1460 3450 puerilem
1479 3371 1576 3434 risum

302 3467 456 3546 excipere.
472 3467 551 3530 Hinc
565 3469 637 3532 vitia
652 3470 780 3549 insuper
795 3487 857 3533 non
874 3487 979 3550 parva,
996 3470 1122 3534 minima
1136 3470 1253 3534 scilicet
1265 3468 1474 3549 dispositionis
1490 3485 1576 3547 cura,

302 3566 464 3630 minimum
496 3567 668 3631 adhibitum
696 3569 833 3632 studium
861 3576 895 3632 ut
919 3569 1049 3649 simplex
1075 3575 1106 3647 et
1131 3585 1229 3633 unum
1257 3570 1311 3630 liat
1340 3583 1434 3647 opus,
1466 3573 1498 3631 ut
1522 3555 1580 3630 tibi

303 3664 453 3744 imprimis
482 3682 520 3728 ex
546 3665 669 3746 hymnis
702 3667 806 3746 tertio,
840 3667 971 3747 septimo
1003 3673 1196 3746 compertum
1227 3666 1341 3730 habere
1373 3665 1460 3729 libet.
1490 3664 1577 3728 Adde

303 3772 464 3828 nutantem
477 3765 665 3845 prosodiam,
686 3765 768 3829 haud
787 3767 913 3829 omnino
933 3767 1086 3830 sinceram
1108 3761 1303 3829 latinitatem.
1319 3801 1357 3808 -
1375 3764 1577 3854 Prudentiam

304 3869 422 3939 eontra,
437 3864 633 3927 umbratilem
656 3865 750 3928 vitam
773 3863 938 3942 calentem,
960 3865 998 3928 ad
1016 3865 1225 3928 litteratorum
1245 3864 1345 3927 studia
1365 3862 1577 3942 multomagis

304 3977 394 4039 quam
411 3962 447 4025 ad
463 3962 644 4042 popularem
658 3980 747 4026 usum
767 3964 953 4043 spectavisse
972 3964 1170 4028 manifestum
1189 3969 1248 4026 est.
1270 3963 1347 4042 Hoc,
1370 3969 1442 4025 ante
1461 3961 1576 4032 omnia,

305 4060 416 4122 ceteris
430 4076 445 4122 a
463 4059 563 4140 poetis
577 4061 681 4141 lyricis
696 4062 808 4137 dillert,
826 4079 888 4124 non
905 4061 1005 4125 solum
1021 4062 1059 4125 ab
1070 4061 1244 4140 Ambrosio,
1260 4061 1315 4124 sed
1331 4060 1512 4138 abiritano,
1528 4060 1577 4123 vel

304 4159 487 4238 Augustino,
503 4159 618 4222 nedum
633 4161 763 4223 Damaso
778 4159 938 4240 proximus
954 4159 1003 4223 sit.
1017 4159 1196 4238 Consilium,
1210 4159 1279 4224 sine
1293 4159 1397 4232 dubio,
1411 4159 1578 4222 Prudentia

305 4260 373 4336 luit,
402 4276 464 4321 non
487 4258 641 4322 Ambrosii
667 4259 819 4323 secundas
848 4267 951 4339 partes
980 4276 1084 4337 agere,
1118 4259 1171 4321 sed
1201 4259 1344 4322 Flaccum
1377 4257 1578 4321 christianum

306 4376 427 4437 perere,
443 4360 571 4422 materie
586 4363 723 4421 ceterum
743 4359 791 4421 vel
807 4360 845 4422 ab
865 4358 1039 4434 Ambrosio,
1060 4357 1110 4420 vel
1130 4359 1168 4421 ab
1188 4356 1304 4421 llilario
1325 4358 1433 4437 petita.
1455 4356 1529 4419 lnde
1544 4357 1579 4418 ht

307 4466 340 4520 ut
368 4466 486 4521 tantum
514 4475 530 4520 a
560 4474 620 4538 quo
649 4457 854 4537 proficiscitur
883 4457 1049 4521 novissime
1082 4457 1256 4522 abhorreat.
1291 4457 1349 4519 Pro
1381 4454 1576 4530 brevissimo,

307 4554 405 4638 qualis
424 4557 505 4636 apud
526 4556 722 4619 Ambrosium
742 4563 799 4634 est,
820 4556 925 4635 hymni
948 4557 1068 4634 tenore,
1093 4554 1237 4635 amplam,
1259 4556 1387 4619 ellusam
1408 4553 1576 4631 interdum,

306 4658 477 4724 orationem
491 4656 587 4720 nectit
594 4675 603 4733 ;
619 4653 778 4735 grandem,
796 4671 851 4734 pro
868 4654 987 4733 humili,
1003 4671 1178 4718 sermonem
1194 4652 1579 4734 allectat,s1guris,imagi·

277 4932 280 4938 ,
338 4871 368 4933 (1)
385 4871 423 4922 dr.
438 4869 537 4921 Ebora:
553 4867 898 4923 dtrtstttet-tateinaetan
910 4868 1055 4929 litaretur,
1070 4884 1096 4934 p.
1111 4869 1165 4920 tra.
