3592 5668
203 587 235 649 in
251 586 377 665 regione
391 587 525 666 latentis,
549 604 622 666 mou
643 587 824 652 antichristi
843 590 946 669 specie
966 590 1111 668 redituri)
1126 607 1184 654 nec
1201 608 1266 656 non
1281 593 1428 656 conviciis
1443 602 1473 658 et

203 684 400 748 contumeliis
411 687 524 750 referta
535 687 664 749 omniuo
677 687 922 750 contemnendis.
936 687 1023 750 hdde
1036 689 1266 752 orationisvitia
1274 712 1283 767 ;
1297 693 1472 769 prosodiam

202 781 227 842 si
254 781 358 844 minus
383 783 423 845 ad
448 783 582 846 auctoris
606 783 741 859 libitum,
766 785 805 847 ad
825 785 910 862 vulgi
935 785 1161 856 saltemaures
1189 789 1471 867 accommodatam;

202 879 317 960 quippe
331 881 382 943 vel
396 881 505 946 breves
519 883 672 964 producit,
690 883 740 948 vel
753 884 860 962 longas
875 884 1001 964 corripit
1012 885 1111 963 (quod
1125 902 1188 948 non
1204 886 1398 950 semelnobis
1414 887 1473 950 erit

202 977 525 1060 animadvertendum)
540 985 632 1060 prout
651 987 705 1043 aut
718 981 870 1050 elevatam
890 987 1018 1061 usurpat
1038 983 1187 1061 syllabam
1209 990 1262 1045 aut
1284 983 1469 1063 depressam.

202 1073 362 1138 Accedunt
381 1077 524 1156 puerilia,
551 1077 634 1142 tituli
666 1077 881 1160 Ἀκροστιχίδων
911 1079 943 1140 in
971 1081 1114 1158 figuram,
1141 1096 1249 1143 versus
1272 1081 1326 1158 qui
1354 1082 1472 1146 litteras

201 1171 239 1245 A,
256 1173 289 1244 B,
307 1173 329 1236 C
345 1179 374 1236 et
388 1180 505 1237 ceteras
520 1191 558 1238 ea
573 1176 682 1238 ordine
698 1175 853 1254 digerunt,
871 1175 930 1238 alia
947 1176 1137 1254 huJusmodi.

241 1269 355 1348 Maiore
370 1273 589 1349 concinnitate,
605 1274 717 1338 altiore
732 1274 816 1336 idem
835 1274 961 1354 ingenio
978 1276 1074 1338 enitet
1087 1255 1469 1340 Lactantius‘qirnianus.

201 1367 296 1444 Cuius
314 1368 557 1432 memineramus
578 1387 650 1433 cum
667 1370 874 1434 scriberemus
895 1390 987 1452 supra
1007 1374 1152 1452 profanos
1172 1380 1289 1452 poetas,
1310 1380 1472 1454 postquam

201 1464 383 1530 Christianis
410 1465 563 1552 dederunt
587 1484 709 1544 manus,
734 1483 850 1532 novam
876 1469 1071 1548 excogitandi
1097 1471 1161 1532 vim
1193 1477 1224 1532 et
1247 1471 1473 1536 sententiarum

127 1619 130 1626 .
200 1562 343 1638 gravium
358 1564 475 1627 iontem
490 1572 596 1631 nactos
611 1581 687 1628 esse.
711 1565 769 1628 Hic
785 1566 881 1642 enim,
905 1567 1043 1643 urbanus
1064 1582 1139 1630 sane
1161 1574 1191 1630 et
1216 1568 1336 1648 lepidus
1351 1568 1473 1648 elegan-v

201 1661 316 1724 tiarum
327 1662 454 1738 arbiter,
471 1669 642 1742 antequam
668 1663 861 1728 Christianus
874 1665 965 1739 ieret,
981 1670 1036 1727 aut
1064 1665 1133 1726 «lle
1148 1666 1311 1730 Phoenice»
1333 1665 1472 1744 ingenio-

199 1775 270 1820 sum
286 1764 316 1819 et
333 1760 533 1840 nugatorium
547 1777 658 1840 poema
670 1761 888 1840 componebat,
905 1768 959 1824 aut
972 1763 1145 1845 itcacopcdv
1166 1763 1203 1825 de
1214 1762 1330 1837 Africa,
1350 1780 1474 1842 geogra-

200 1857 308 1934 phum,
326 1858 494 1935 equalium
509 1875 607 1938 more,
622 1875 724 1937 agens,
743 1865 796 1922 aut
811 1860 849 1939 (si
865 1860 924 1922 hoc
939 1859 984 1921 illi
1001 1877 1078 1939 opus
1093 1860 1309 1938 tribuendum)
1329 1861 1472 1942 ‹Sympo-

199 1953 311 2015 sium»
341 1956 569 2019 subobscurum
593 1962 624 2018 at
643 1957 875 2034 subinsulsum3
899 1964 1061 2037 postquam
1092 1959 1130 2022 ad
1157 1958 1313 2021 Christum
1338 1960 1470 2034 transiit,

206 2060 277 2130 ille
297 2057 467 2118 Prisciani»
496 2055 619 2134 epicum
635 2072 760 2118 carmen
779 2056 910 2136 scripsit,
931 2057 1023 2120 valde
1047 2046 1251 2120 admiratione
1273 2056 1412 2134 dignum,
1438 2057 1472 2122 in

200 2173 264 2234 quo
278 2155 377 2219 solitae
392 2153 541 2217 orationis
554 2152 730 2216 salubritati
743 2159 775 2216 et
789 2153 951 2232 elegantiae
966 2153 1084 2216 accedit
1098 2153 1224 2233 spiritus
1242 2159 1273 2215 et
1286 2153 1470 2216 sublimitas.
1585 2207 1587 2211 .

241 2254 273 2318 Si
295 2254 361 2316 «lie
373 2251 536 2314 Passiones»
555 2266 681 2312 carmen
695 2266 759 2314 non
770 2250 941 2326 Lactantio,
957 2251 1011 2313 sed
1022 2251 1185 2331 posteriori
1198 2251 1321 2314 cuidam
1335 2251 1473 2315 tribuen-

201 2353 277 2418 dum
299 2357 344 2414 est
364 2349 415 2431 (de
436 2365 498 2427 quo
520 2347 622 2410 adbuc
648 2348 840 2427 ambigitur),
867 2349 966 2427 gratia
987 2349 1020 2412 C.
1047 2349 1149 2412 Vettio
1168 2348 1318 2427 Aquilino
1335 2350 1472 2412 Juvenco

201 2449 352 2528 contingit
374 2446 465 2527 primi
486 2445 565 2525 epici
588 2445 733 2508 carminis
754 2446 797 2508 ad'
814 2446 947 2524 gloriam
968 2445 1081 2510 Christi
1104 2447 1276 2525 compositi.
1301 2469 1313 2502 c
1333 2447 1473 2510 Historia

201 2547 410 2628 Euunuelicu»
449 2545 588 2623 amplum
623 2543 873 2623 productumque
908 2561 1017 2624 poema
1050 2544 1141 2624 (3033
1178 2544 1265 2625 hex.)
1300 2545 1472 2607 secundum

201 2645 348 2708 Sanctum
376 2643 566 2717 Matthaeum,
599 2656 670 2704 cum
691 2640 917 2720 gratulatione,
948 2648 1086 2704 extremo
1114 2659 1220 2721 opere,
1251 2641 1290 2704 ad
1320 2642 1472 2705 Caesarem

201 2741 451 2818 (Constantinum
471 2739 642 2817 Magnum),
665 2739 800 2802 candore
817 2739 1053 2814 sententiarum,
1069 2739 1191 2802 insueta
1211 2739 1259 2802 his
1279 2740 1472 2819 temporibus

201 2838 350 2902 orationh
365 2837 514 2900 modestia
530 2843 560 2899 et
573 2836 744 2899 subtilitate
760 2837 1005 2913 commendatur,¹
1022 2837 1152 2915 dignum
1166 2853 1240 2901 sane
1251 2838 1336 2915 quod
1351 2854 1367 2900 a
1383 2842 1429 2899 tot
1443 2844 1473 2902 et

200 2937 293 3000 tantis
310 2935 524 3014 scriptoribus,
539 2933 651 2997 Sancto
667 2934 865 3013 Hieronymo,
879 2935 1060 3010 Fortunato,
1074 2934 1220 3010 alcuino,
1234 2936 1396 3013 Petrarqha
1410 2934 1474 2998 lau-

201 3035 308 3106 datum
329 3033 384 3110 sit3
404 3032 589 3094 mendosum
606 3039 721 3106 tamen,
745 3031 888 3110 prosodia
909 3031 1077 3110 sepissime
1097 3039 1239 3105 nutante,
1256 3032 1472 3095 Commodiani

200 3113 307 3207 instar,
325 3133 473 3215 ἀρχαϊσμῷ
489 3130 597 3192 crebro
613 3135 807 3202 occurrente.
823 3128 970 3207 Ejusdem
985 3128 1130 3204 auctoris,
1148 3135 1183 3191 ut
1195 3129 1397 3192 verisimilius
1416 3136 1472 3204 est,

200 3230 333 3292 alterum
360 3243 470 3308 poema
503 3227 653 3298 habemus
679 3223 832 3289 «Mirum
854 3226 887 3287 iu
909 3225 1061 3288 Genesin»
1093 3227 1183 3302 (llll
1205 3227 1290 3306 hex.)
1315 3227 1473 3290 simillima

200 3334 231 3392 et
255 3327 395 3390 oratione
419 3331 449 3387 et
473 3324 628 3404 prosodia.
655 3323 712 3386 llic
735 3323 932 3398 hexametris,
959 3323 1044 3401 quod
1061 3324 1220 3388 insuetum
1241 3325 1354 3400 adhuc,
1370 3325 1474 3404 lyricae
1537 3319 1539 3322 ’

199 3430 301 3506 partes
315 3423 458 3502 quaedam
473 3421 664 3497 inseruntur,
681 3426 715 3483 ut
727 3421 884 3484 Canticum
901 3421 1025 3500 Moysis.
1043 3421 1239 3485 Tribuuntur
1259 3423 1397 3485 iuvenco
1412 3424 1474 3487 duo

199 3524 328 3604 iusuper
348 3528 513 3602 poemata:
536 3523 579 3584 lie
600 3519 742 3587 xlapisdibus
765 3520 898 3596 Domini,
927 3520 1070 3584 laudibus
1097 3527 1127 3583 et
1140 3521 1335 3584 Constantini
1350 3522 1472 3600 additis,

202 3621 380 3700 Triumphus
392 3619 516 3694 Christi,
534 3619 670 3689 brevius,
688 3617 798 3681 iisdem
814 3623 983 3696 utrumque
1000 3617 1122 3680 dotibus
1136 3618 1294 3696 vitiisque.

239 3718 382 3781 Alterum
397 3716 631 3782 Lactantiumse
646 3717 762 3796 praebet
772 3715 887 3778 ilarius
899 3714 1089 3791 Victorinus,
1105 3715 1223 3778 scilicet
1234 3715 1288 3792 qui
1301 3733 1339 3778 ex
1351 3717 1475 3780 rhetore

199 3816 328 3896 prolano
344 3821 433 3896 poeta
446 3813 640 3878 Christianus
653 3813 752 3879 iactus
767 3819 822 3875 est.
848 3811 918 3874 Tria
938 3819 1090 3891 poemata,
1112 3812 1173 3884 nisi
1194 3811 1297 3892 plura,
1314 3812 1474 3876 Victorino

199 3913 384 3992 assignanda
396 3920 493 3984 sunt:
518 3912 592 3973 «De
614 3909 764 3992 putribus
799 3910 853 3972 Vll
872 3907 1053 3974 Muclubuis
1078 3911 1243 3990 interfectis
1266 3909 1305 3974 ub
1327 3909 1474 3974 Anthioco

199 4012 377 4090 mutuae»
401 4010 478 4090 (iere
489 4009 547 4073 400
566 4010 664 4084 beu),
684 4008 726 4070 De
738 4009 857 4070 Puscbu
872 4007 992 4070 Domini
1008 4007 1060 4087 (70
1076 4008 1174 4086 hen),
1198 4007 1259 4070 «De
1275 4007 1345 4070 iesu
1358 4008 1475 4072 Christo

199 4111 259 4182 Dec
277 4116 307 4172 et
325 4109 475 4170 Domino»
496 4107 567 4188 (tat
587 4108 685 4182 heu).
705 4108 777 4168 Haec
792 4105 929 4170 carmina
944 4105 975 4168 vi
996 4112 1026 4169 et
1047 4106 1164 4186 impetu
1185 4124 1249 4170 non
1267 4108 1364 4170 semel
1381 4108 1476 4170 admi-

199 4207 353 4270 rationem
375 4211 513 4269 movent.
538 4205 645 4268 Sermo
668 4205 759 4268 isest
780 4202 835 4282 qui
858 4220 932 4266 vere
953 4203 1088 4267 rhetoris
1107 4204 1307 4268 umbratilem
1328 4205 1473 4268 vitamin

198 4303 384 4368 memoriam
405 4308 539 4378 reuocet,
564 4300 757 4376 emendatus,
786 4300 912 4380 politus,
935 4302 1103 4364 mendosus
1124 4317 1298 4380 nunquam,
1326 4318 1473 4380 operosus

199 4409 316 4476 tamem
339 4399 483 4475 difficilis,
509 4399 551 4462 ad
578 4415 689 4478 magna
711 4399 870 4461 interdum
890 4414 971 4478 egre
992 4399 1106 4475 nitens,
1128 4399 1225 4462 nimia
1245 4415 1319 4462 cura
1334 4399 1472 4462 adhibita

199 4505 321 4562 veteres
334 4504 365 4560 et
380 4497 519 4562 laudatos
534 4502 651 4575 poetas
672 4495 838 4575 Virgilium
858 4495 1022 4576 imprimis,
1045 4495 1195 4560 continuo
1218 4495 1372 4560 imitandi.
1399 4495 1473 4558 hni-

200 4595 461 4668 madvertendum
485 4593 575 4658 nobis
597 4594 733 4674 primum
758 4593 852 4658 luisse
876 4593 1072 4657 Victorinum
1097 4593 1178 4656 inter
1203 4593 1394 4657 Christianos
1419 4592 1473 4671 qui

200 4693 437 4758 translationem
461 4693 632 4755 verborum
654 4692 693 4754 ad
717 4692 851 4772 amplam
873 4691 1064 4770 effusumque
1094 4691 1271 4774 ἀλληγορίαν
1297 4690 1472 4766 deduxerit,

202 4791 337 4870 dicendi,
355 4791 406 4854 vel
421 4791 522 4872 potius
535 4789 667 4854 docendi
678 4807 775 4868 genus
787 4789 871 4869 quod
882 4794 967 4853 tanto
982 4794 1086 4868 postea
1099 4789 1131 4851 in
1144 4791 1264 4852 bonore
1278 4788 1346 4852 luit.
1356 4787 1475 4873 Quippe
