3592 5668
304 605 436 684 caberis,
453 604 735 686 qui,‘ne·mottalis
756 605 882 687 quidem
901 613 999 683 more,
1021 605 1128 672 liberis
1147 605 1289 672 mathus
1302 607 1411 687 utitur,
1436 615 1479 687 et,
1501 609 1575 673 uelit

301 704 392 784 nolit,
412 704 541 770 definito
561 703 713 770 curriculo
737 711 844 784 captus
868 705 1068 786 inclususque
1091 705 1302 770 convertitur?
1324 706 1440 770 Derieis
1462 706 1574 771 deinde

301 802 419 867 Tartari
434 802 626 881 numinibus,
643 810 674 865 et
692 802 810 866 umbris
823 802 965 882 internis,
983 803 1220 868 Constantinum
1233 805 1365 884 inducit,
1380 805 1433 885 qui
1447 805 1573 868 Romam

300 902 340 965 ad
354 903 448 966 tidem
461 917 567 966 ueram
583 901 741 966 adducere
754 899 873 982 prolixa
892 903 1032 966 oratione
1047 902 1167 967 nititur.
1188 902 1353 968 Primarios
1367 904 1459 968 Urbis
1477 906 1572 982 viros,

299 999 510 1081 plurimosque
538 999 684 1080 patricios
708 999 851 1066 laudibus
875 1000 1008 1080 extollit,
1038 1002 1090 1081 qui
1115 1001 1177 1066 tide
1201 1007 1233 1066 et
1256 1003 1382 1066 nomine
1410 1002 1575 1066 christiano

299 1099 498 1178 superbiunt.

476 1253 514 1306 ut
527 1251 700 1306 dubitamus
714 1253 818 1318 adhuc,
833 1255 965 1322 Romam,
981 1253 1047 1324 tibi,
1062 1253 1187 1324 Christe,
1202 1253 1330 1310 dicatam

475 1345 510 1394 ln
524 1342 604 1407 leges
617 1342 761 1395 transisse
773 1345 853 1412 tuae,
868 1343 1008 1408 omnique
1019 1344 1167 1398 volentem

476 1432 551 1484 cum
564 1431 671 1496 populo
684 1434 714 1485 et
727 1433 854 1485 summis
867 1445 936 1486 curn
949 1432 1064 1486 civibus
1077 1432 1169 1486 ardua
1183 1435 1285 1500 magui

475 1524 541 1576 Jam
553 1535 642 1588 super
654 1526 735 1577 astra
747 1523 807 1589 poli
819 1526 972 1578 terrenum
985 1524 1142 1580 extendere
1155 1525 1299 1593 ragnum?
1312 1523 1388 1597 (tat)

339 1683 412 1746 llaec
427 1685 474 1745 est
489 1680 658 1746 conclusio.
675 1681 834 1763 Epilogus,
851 1689 884 1748 ut
898 1683 939 1748 ita
955 1683 1067 1762 dicam,
1090 1684 1225 1766 additur,
1247 1687 1286 1751 de
1308 1685 1492 1766 Theodosio,
1509 1686 1574 1768 qui,

301 1783 362 1846 dux
381 1782 492 1860 bouus,
516 1797 601 1861 «pre
628 1781 746 1845 11111111
772 1781 965 1847 terrestribus
988 1801 1074 1864 epatu
1098 1785 1257 1866 rependens
1281 1801 1419 1863 11111111,
1446 1803 1575 1849 summos

300 1881 347 1944 oei
374 1879 532 1943 sacricolis
563 1879 690 1941 honores
718 1879 891 1961 imperatu»
921 1887 1000 1945 teste
1028 1881 1095 1962 ipso
1123 1882 1306 1964 Symmacho
1341 1885 1418 1947 «cui
1445 1884 1576 1948 consectis

298 1978 516 2058 magistratum
537 1983 566 2039 et
587 1974 727 2041 tribuual
748 1980 902 2043 contulit»
924 1981 1019 2061 (vers.
1041 1979 1138 2062 615...
1161 1979 1292 2062 612...);
1314 1982 1352 2046 dc
1379 1981 1574 2062 Symmacho,

279 2069 280 2072 ’
300 2082 386 2139 tanto
401 2075 481 2154 uiro,
497 2082 559 2138 tam
578 2072 742 2153 splendido
762 2082 884 2140 oratore
905 2078 959 2140 «si
974 2078 1082 2141 mullet
1102 2079 1228 2142 laudare
1245 2079 1362 2142 Deum»
1384 2078 1429 2160 (v.
1450 2078 1574 2162 636...).

340 2176 421 2239 Sunt
436 2174 497 2238 loci
512 2172 545 2236 in
560 2173 663 2237 Primo
680 2174 712 2237 C.
729 2172 759 2238 S.
777 2175 942 2255 elegantes,
961 2177 1066 2256 ampli,
1083 2178 1183 2241 ornati
1192 2200 1201 2257 3
1215 2176 1356 2241 nbnsine
1367 2177 1460 2241 tudio
1471 2185 1577 2242 tamen

300 2292 376 2355 opus
402 2275 586 2339 universum
608 2261 731 2350 legitur,
757 2274 853 2362 nimia
876 2275 1034 2356 scriptoris
1053 2277 1092 2339 ad
1116 2276 1294 2340 communia
1318 2275 1447 2341 dicenda
1468 2276 1579 2357 procli·

298 2373 405 2451 vitate,
423 2376 536 2456 saepius
551 2377 583 2441 in
599 2377 669 2440 trita
683 2375 869 2454 vulgarique
882 2375 933 2437 via
947 2374 1110 2437 versantis.

343 2475 447 2552 Longe
462 2480 586 2554 praestat
600 2475 632 2540 C.
648 2475 679 2539 S.
697 2473 858 2538 Secundus
872 2473 976 2546 Liber,
1002 2473 1034 2535 in
1055 2489 1129 2551 quo,
1151 2480 1219 2554 post
1246 2473 1450 2538 humiliorem
1472 2473 1577 2538 forsan

302 2572 528 2653 prefationem,
547 2573 808 2654 elegantissimam
828 2579 933 2636 tamen
955 2577 985 2635 et
1007 2571 1152 2652 lepidam,
1171 2589 1241 2636 cnm
1255 2579 1346 2654 poeta
1360 2589 1426 2636 sese
1444 2573 1578 2638 fateatur

308 2694 320 2728 a
334 2670 435 2735 dubiis
442 2673 731 2752 pericultsiafcrri»
742 2722 749 2748 ‚
759 2671 841 2735 Patri
853 2671 950 2734 instar
960 2687 1016 2750 per
1025 2671 1135 2747 maria,
1143 2671 1272 2750 jubente
1281 2671 1574 2748 Christouadentis,

298 2769 423 2847 singula
440 2786 509 2848 quae
522 2769 724 2850 Symmachus
735 2770 831 2833 edidit
848 2769 886 2832 ad
899 2785 988 2832 snam
1004 2769 1247 2833 confirmandam
1259 2786 1384 2834 causam
1395 2775 1577 2848 argumenta

298 2868 443 2931 retollere
469 2867 590 2932 nititur.
614 2868 783 2932 Exorditur
806 2867 932 2931 Arcadii
961 2873 992 2931 et
1020 2867 1152 2931 llouorii
1166 2867 1321 2945 laudibus,
1349 2868 1407 2947 qui
1430 2865 1576 2932 Victoriae

297 2966 525 3031 restituendam
553 2967 586 3031 in
611 2967 737 3032 Curiam
763 2968 858 3031 Aram
880 2973 1082 3046 negaverunt.
1098 2967 1162 3031 Nec
1188 2967 1357 3031 immerito.
1381 2966 1455 3043 Quis
1478 2967 1574 3043 enim,

302 3066 454 3130 exclamat
465 3072 566 3147 poeta,
581 3067 685 3130 credat
696 3083 761 3130 esse
773 3065 919 3129 Victoriae
932 3066 1022 3128 deam
1037 3065 1124 3128 illam
1136 3065 1221 3128 crine
1231 3082 1311 3147 pexo
1322 3064 1486 3146 uirginem,
1499 3063 1577 3145 pede

302 3165 388 3228 nudo
417 3181 610 3245 suspensam,
634 3181 713 3228 zona
736 3164 945 3240 constrictam,
970 3162 1189 3243 tumidumque
1211 3169 1317 3244 pectus
1336 3163 1471 3227 fluitanti
1493 3167 1577 3225 veste

296 3260 514 3333 prementemt
526 3257 680 3322 vincendi
697 3265 807 3322 auctor
823 3259 905 3321 Deus
921 3258 1118 3338 omnipotens
1133 3258 1195 3339 (¹)‘?
1214 3259 1315 3322 Deum
1335 3257 1438 3338 ipsum
1456 3255 1577 3319 inducit

296 3363 388 3437 poeta
405 3359 578 3437 quiveram
589 3358 809 3422 universarum
820 3374 927 3422 rerum
939 3357 1103 3435 rationem,
1120 3375 1182 3437 quo
1194 3364 1283 3438 pacto
1293 3362 1353 3420 stet
1362 3362 1576 3438 perpetuoque

299 3451 462 3536 reparetur
485 3455 580 3532 orbis,
603 3455 709 3520 vivida
735 3463 766 3519 et
789 3456 916 3520 sublimi
942 3456 1082 3520 oratione
1107 3455 1250 3536 explicet.
1276 3455 1316 3518 ht
1347 3454 1443 3531 enim,
1469 3469 1575 3516 nonne

299 3554 388 3618 decet
399 3555 541 3618 moribus
549 3553 687 3634 antiquis
695 3554 913 3635 maiorumque
922 3554 1060 3635 uestigiis
1068 3553 1202 3620 fideliter
1210 3551 1576 3619 insistereibridicnlam

219 3715 221 3724 ,
299 3652 513 3733 relligionem!

472 3802 546 3857 Orbe
559 3814 634 3856 novo
648 3802 725 3857 nulli
739 3802 918 3868 subigebant
929 3815 1000 3856 arva
1013 3800 1125 3856 coloni:

470 3889 546 3955 Quid
558 3891 726 3946 1111111111
738 3889 861 3946 uolunt?
874 3890 945 3958 quid
958 3905 1028 3946 cura
1041 3891 1191 3957 superflua
1202 3889 1307 3945 rastri?

476 4017 946 4037 ...........................
964 3981 1119 4034 redeamus
1132 3979 1169 4034 ed
1182 3983 1269 4034 111111

471 4069 601 4123 Pellibus
616 4070 726 4125 insutis
738 4070 832 4126 hirtos
846 4083 1002 4125 sumamus
1014 4071 1151 4124 amictus.
1167 4065 1264 4138 (282...
1279 4065 1377 4138 289...)

339 4228 428 4292 hddc
445 4229 575 4292 Romam
590 4230 650 4292 hoc
663 4229 820 4310 praecipue
834 4228 971 4310 viguisse
986 4230 1070 4309 quod
1085 4244 1166 4293 noua
1180 4243 1303 4309 semper
1315 4225 1575 4302 instituta‚novos

299 4343 402 4391 mores
424 4328 572 4405 induerit,
596 4334 626 4392 at
652 4332 759 4393 «scite
778 4337 905 4409 petrum
922 4331 1091 4410 populique
1114 4330 1290 4409 frequenter
1313 4327 1465 4389 scatentia
1489 4323 1575 4404 yteccc

297 4429 435 4490 novarit.
453 4451 470 4486 »
489 4428 531 4492 lta
547 4427 684 4509 primum
698 4429 785 4508 ragio
801 4446 899 4507 more,
916 4435 986 4510 post
1004 4427 1172 4505 consulari,
1193 4427 1307 4491 deinde
1324 4423 1502 4506 principum
1515 4421 1575 4485 suh

298 4526 455 4590 tutamine
480 4527 596 4590 lloruit.
623 4527 711 4592 Dicat
736 4528 864 4608 aliquis:
892 4544 975 4592 uuus
999 4527 1110 4608 genius
1134 4525 1203 4603 luit,
1221 4540 1283 4604 quo
1297 4524 1377 4589 duca
1399 4527 1430 4587 et
1451 4520 1575 4602 auspice

325 4702 357 4767 (¹)
610 4713 665 4761 C’est
675 4726 698 4759 11
708 4715 761 4759 bien
770 4714 806 4759 des
816 4713 922 4759 ehrltiens
932 4713 984 4770 tyu'il
996 4714 1041 4756 iant
1050 4713 1113 4769 qu’on
1123 4711 1224 4757 remarcle

613 4789 653 4832 Des
664 4787 764 4832 victoires
774 4786 828 4842 tyu'il
839 4785 929 4830 domuel
940 4785 1065 4841 l'empereur
1074 4784 1142 4829 111111.

1137 4873 1259 4930 (Corneliis,
1269 4873 1393 4930 Polycaste,
1403 4871 1440 4925 lll,
1449 4869 1479 4926 2.)
