3640 5670
839 599 875 612 -
900 566 956 629 134
977 601 1015 609 -

293 694 348 740 seu
365 679 414 742 vel
429 696 485 760 per
500 697 649 744 caesuram
660 681 833 745 bucolicam
849 701 856 743 :

538 819 648 870 Eamus
661 819 758 871 omnis
771 823 921 872 exsecrata
935 819 1049 886 civitas,

487 909 548 961 Aut
560 919 629 974 pars
644 907 762 961 indocili
776 910 879 962 melior
892 922 999 974 grege:
1013 909 1112 962 mollis
1126 910 1155 960 et
1168 918 1271 971 exspes
1284 901 1370 969 (Ibid.
1385 903 1431 974 37)

331 1039 456 1120 (Nescio
471 1039 545 1118 quid
562 1057 688 1103 caesurae
703 1039 853 1104 bucolica
868 1041 1005 1106 studium
1021 1040 1053 1102 in
1070 1039 1174 1104 animo
1196 1037 1315 1102 Horatii
1333 1036 1459 1101 videtur
1472 1037 1564 1100 luisse

291 1138 350 1201 hoc
366 1138 398 1201 in
414 1147 565 1218 poemate.
581 1138 659 1202 Vide
672 1139 771 1221 Epod.
791 1140 836 1212 16,
851 1157 932 1202 vers.
949 1140 998 1217 37,
1014 1140 1064 1216 47,
1080 1137 1142 1218 53).

332 1235 517 1300 Prudentius
531 1235 715 1317 plerumque
731 1254 856 1301 sensum
872 1237 1003 1302 disticho
1020 1236 1189 1301 concludit.
1215 1235 1336 1299 Periodi
1356 1235 1418 1299 duo
1433 1233 1563 1299 disticha

293 1335 489 1398 continentes
504 1341 577 1399 sunt
591 1342 710 1398 tantum
726 1353 777 1398 sex
795 1335 916 1416 (Perist.
932 1337 983 1414 lX,
999 1337 1098 1409 11-14,
1116 1334 1329 1414 33-36,51-54,
1344 1335 1446 1414 6164,
1461 1334 1561 1413 tte-92,

291 1432 452 1516 161-164);
467 1433 614 1515 periodus
630 1433 686 1497 1111
703 1433 834 1498 disticha
848 1434 1012 1498 continens
1028 1440 1073 1497 est
1088 1450 1170 1497 unus
1185 1433 1294 1514 (7-11).

330 1532 500 1596 Pessimum
515 1549 641 1596 caesure
656 1532 819 1611 bucolice,
830 1533 879 1596 vei
887 1533 990 1615 potius
1005 1550 1131 1597 caesura
1146 1532 1370 1614 pretermissa,
1386 1531 1562 1613 exemplum

291 1629 323 1692 in
339 1630 397 1694 hoc
412 1635 552 1712 poemate
573 1639 638 1693 est:
1061 1629 1063 1634 ’

470 1770 587 1822 Stratus
600 1769 685 1820 humi
698 1768 816 1821 tumulo
829 1769 1013 1836 advolvebar,
1027 1781 1113 1834 quem
1127 1781 1208 1822 sacer
1221 1772 1314 1822 ornat.
1332 1765 1455 1837 (Perist.
1470 1772 1520 1836 Ill,
1534 1767 1561 1838 5)

330 1899 482 1962 Trimeter
496 1898 648 1963 iambicus
665 1901 746 1963 idem
762 1899 876 1979 estqui
893 1899 968 1963 alias
984 1901 1064 1981 apud
1081 1900 1295 1980 Prudentium,
1311 1901 1374 1962 lere
1390 1917 1511 1981 semper
1524 1917 1561 1961 11

290 1997 401 2062 iambis
416 2005 447 2060 et
461 1997 617 2080 spondeis
631 2004 786 2061 constans.
803 1999 965 2062 invenitur
980 2005 1096 2074 tamen,
1112 1999 1199 2077 quasi
1213 1998 1400 2062 Prudentius
1414 1998 1562 2062 voluisset

288 2098 420 2179 probare
435 2114 498 2160 non
514 2113 546 2159 se
561 2096 699 2161 absolute
715 2096 961 2160 Christianorum
976 2103 1137 2178 poetarum
1153 2113 1271 2162 morem
1286 2097 1385 2179 sequi,
1399 2104 1562 2180 anapestus

289 2197 392 2278 primo
407 2197 486 2278 pade
500 2216 508 2259 t

476 2331 666 2396 Tdtidemyque
678 2335 777 2396 gutttae
789 2331 944 2386 vulnterum
956 2338 966 2390 t¹
975 2330 1077 2382 stillant
1090 2332 1095 2388 Ι
1109 2331 1189 2382 simul
1200 2332 1251 2396 (58)

289 2458 366 2522 alter
379 2457 488 2539 quinto
499 2459 597 2539 pede:

475 2602 653 2670 Raptimyque
666 2603 789 2666 puncttis
801 2601 887 2658 dictta
899 2601 1078 2668 praetpdtibus
1090 2616 1095 2662 y
1108 2603 1185 2667 sequi
1198 2602 1247 2667 (11)

376 2789 398 2871 ὅ
412 2791 477 2856 XV.
494 2823 533 2836 -
549 2789 599 2872 (E)
615 2790 658 2854 Dc
671 2799 765 2855 metro
781 2791 968 2854 archilochio
984 2798 1104 2871 quarto.
1123 2791 1378 2874 (peristephanon
1392 2793 1468 2875 ΧΠ).

326 2977 409 3039 111111
425 2975 596 3039 Horationo
610 2974 709 3039 utitur
723 2973 910 3039 Prudentius
924 2975 956 3038 in
973 2975 1032 3038 hoc
1045 2981 1157 3055 metro,
1169 2977 1253 3056 leges
1268 2977 1325 3042 sibi
1338 2981 1513 3063 rigidiores,
1525 2991 1560 3048 ut

285 3073 481 3155 pierumque,
498 3073 674 3152 injungens.
691 3073 830 3151 Scilicet,
853 3091 923 3137 oum
938 3077 1112 3156 plerumque
1132 3076 1277 3140 Horatius
1296 3079 1451 3161 dactylum
1465 3083 1559 3146 hahet

285 3171 439 3253 principio
462 3171 658 3250 arcitilochii,
682 3171 868 3235 Prudentius
887 3172 981 3236 habet
1000 3172 1052 3235 hic
1075 3173 1231 3254 dactylum
1254 3194 1385 3258 semper,·
1409 3197 1480 3244 cum
1496 3183 1558 3262 pie·
1601 3201 1604 3210 ’

284 3288 408 3350 rumque
422 3269 566 3332 Horatius
579 3271 760 3351 spondaeum
775 3271 868 3334 habet
882 3269 1036 3352 principio
1053 3271 1355 3353 iambici-trochaici,
1372 3277 1557 3343 Prudentius

284 3367 335 3429 hic
355 3367 535 3447 spondeum
559 3367 647 3447 ponit
667 3370 731 3430 1111
752 3383 874 3449 semper
896 3367 1026 3450 (scilicet
1049 3371 1186 3450 exceptis
1207 3373 1359 3454 versibus,
1381 3377 1435 3456 qni
1456 3377 1556 3458 primo

284 3464 363 3544 pede
376 3463 514 3528 iambum
529 3465 657 3544 hahent,
669 3467 720 3546 11,
736 3467 784 3542 14,
802 3468 853 3544 44,
867 3467 918 3542 66,
933 3467 997 3544 66).

324 3564 405 3626 Raro
422 3562 560 3627 iambum
577 3565 666 3628 tertio
681 3566 757 3645 pade
775 3566 879 3628 babet.
896 3565 1033 3639 Quatuor
1048 3572 1169 3631 tantum
1185 3576 1238 3632 aut
1259 3576 1322 3634 tres
1344 3589 1452 3637 versus
1473 3573 1558 3638 hunc

284 3663 394 3742 pedem
416 3661 506 3724 tertio
525 3661 593 3726 loco
615 3663 762 3726 exhibent
781 3665 831 3740 44,
848 3663 899 3742 36,
921 3664 970 3741 10,
987 3664 1026 3727 61
1048 3665 1099 3744 (61
1115 3665 1229 3729 dubius
1243 3675 1288 3730 est
1309 3671 1442 3734 «lecum
1455 3674 1557 3737 deinde

284 3761 582 3841 fluminispctmus»
600 3761 786 3824 Prudentius
803 3761 888 3824 enim
900 3761 944 3824 sic
959 3763 1095 3826 scandit:
1110 3763 1227 3837 111αῆ)
1239 3761 1354 3840 111ῖῆ111
1364 3766 1556 3849 ricimirus...

285 3858 402 3922 scilicet
416 3859 450 3924 de
464 3859 560 3940 gratia
575 3859 611 3940 11)

324 3956 478 4021 Cesaram
494 3957 684 4022 archilochio
699 3958 808 4037 may'ori
831 3961 988 4040 propriam
1008 3960 1191 4042 plerumque
1213 3971 1325 4043 servat,
1341 3966 1372 4030 id
1394 3973 1441 4030 est
1462 3985 1554 4032 caesu-

217 4053 219 4057 '
284 4071 350 4118 ram
364 4054 537 4119 hucolicam
554 4056 585 4135 (‹
600 4057 674 4118 Pius
687 4058 777 4119 solito
792 4067 898 4122 caecet
913 4060 952 4122 od
964 4061 1078 4141 quadiu
1093 4059 1115 4131 :l
1132 4062 1189 4137 dic,
1207 4065 1311 4140 111111,
1329 4067 1475 4145 1111111»
1497 4069 1557 4132 Ter

284 4171 351 4218 eam
365 4155 584 4235 pretermittit,
601 4157 752 4234 maredo,
769 4174 805 4219 11
822 4157 985 4222 industria.
1002 4158 1115 4240 Accipe
1130 4163 1269 4242 exempla
1287 4183 1294 4224 :

323 4253 429 4316 PerIst.
446 4255 509 4332 llll,
528 4255 565 4317 19
582 4273 588 4315 :
1124 4276 1129 4284 ·
1203 4253 1206 4260 ’

479 4393 603 4445 Noverat
616 4405 652 4444 ex
666 4393 774 4446 humili
787 4395 893 4448 caelum
907 4396 994 4448 citius
1008 4397 1100 4450 solere
1112 4397 1187 4450 adiri

284 4523 316 4585 in
332 4539 394 4602 quo
410 4539 502 4585 versu
517 4523 657 4585 citiorem
671 4525 772 4588 forsan
789 4525 939 4606 impetum
954 4527 1129 4606 significare
1144 4529 1260 4608 voluit3

322 4619 429 4684 Perist.
445 4621 511 4698 xli,
527 4619 566 4682 53
583 4639 592 4682 τ

476 4760 551 4810 Tum
564 4772 699 4814 camuros
713 4761 800 4826 hyalo
812 4761 926 4827 insigni
940 4764 1017 4816 varie
1031 4768 1163 4820 cucurrit
1176 4780 1261 4822 arcus

282 4880 336 4943 nbi
351 4881 460 4946 eadem
472 4881 640 4966 excusatio,
657 4883 761 4948 minus
777 4883 934 4964 equidem,
948 4885 1064 4951 valeret
1078 4895 1178 4969 potest
1184 4911 1193 4967 3
