3640 5670
728 496 884 559 ..83-

171 632 259 697 Calli.
271 632 311 698 Vl
326 631 412 714 (ante
431 631 599 714 somnum).
616 630 734 712 Nempe
755 639 918 712 postquam
930 626 1058 692 loannis
1079 625 1110 689 in
1126 619 1310 704 Apocalypsi
1325 615 1443 682 somnia

121 755 127 772 ·
156 731 377 796 memorarit:

490 869 547 921 Noa
559 868 603 921 nil
614 879 764 921 meremur
776 866 893 932 horum,
909 849 1010 935 (Catu.
1024 865 1074 931 Vl,
1091 859 1153 931 117)

178 1246 239 1263 .....
255 1197 340 1262 addit
358 1202 461 1280 poeta,
476 1215 534 1278 qna
549 1197 775 1262 sententiarum
790 1197 870 1260 serie
893 1196 931 1260 ad
955 1192 1116 1259 materiem
1138 1189 1325 1272 regreditur.
1342 1185 1392 1251 Sic
1416 1185 1448 1248 in

176 1297 264 1362 Cath.
283 1297 337 1364 vll
359 1296 442 1378 (vide
464 1314 546 1361 vers.
570 1296 650 1378 196).
672 1295 902 1378 Nonnunquam
927 1301 1018 1376 pocta
1040 1291 1209 1356 clausulam
1231 1293 1450 1367 1111111111-

175 1396 300 1461 tationis
313 1403 434 1476 partem
451 1395 746 1469 ultimamaddncit.
763 1395 813 1459 Sic
833 1394 865 1458 in
880 1393 968 1457 Calli.
984 1393 1011 1457 11
1026 1391 1154 1472 (hymno
1174 1387 1352 1466 matutino),
1369 1388 1451 1465 post-

177 1511 269 1577 quam
283 1493 387 1560 iacobi
403 1511 472 1560 cum
487 1494 598 1575 angelo
614 1493 855 1559 decertationem
870 1489 1053 1557 memoravit
1069 1511 1077 1554 :

492 1662 545 1714 Hae
558 1671 613 1713 nos
624 1660 731 1714 docent
743 1659 903 1725 imagines.
914 1696 939 1710 ..
957 1652 1111 1728 (0111111,
1126 1651 1169 1722 85)
1216 1653 1232 1749 Ἰ

178 1810 237 1879 Vel
251 1809 283 1878 in
297 1799 386 1878 catu.
401 1810 441 1876 IV
457 1809 540 1894 (post
554 1809 668 1887 cibum)
680 1831 688 1873 :

497 1967 561 2036 His,
575 1966 704 2032 sumptis
718 1966 860 2020 Danielus
872 1963 1014 2019 excitavit

498 2060 533 2109 In
546 2056 655 2109 coelum
668 2055 773 2109 faeiem
779 2091 1036 2108 ...............

498 2143 551 2201 Sic
563 2158 617 2199 nos
629 2145 805 2199 muneribus
818 2145 881 2199 tuis
894 2143 1030 2199 relecti...
1046 2137 1146 2208 (cata.
1161 2139 1211 2204 IV,
1225 2135 1271 2207 ¹70,
1285 2131 1332 2205 att)

181 2307 213 2360 et
233 2296 265 2360 in
286 2295 372 2362 Cath.
392 2296 421 2360 X
441 2293 491 2376 (ad
513 2294 675 2375 exsequias
697 2294 860 2374 defuncti),
884 2294 916 2358 in
938 2309 999 2375 quo
1019 2296 1183 2375 postquam
1209 2285 1364 2371 quomodo
1385 2284 1456 2366 pius

181 2394 292 2460 lobias
306 2395 406 2460 visum
419 2395 548 2475 recepit,
566 2394 676 2458 addit:
693 2395 775 2458 Deus

500 2549 635 2602 Docuit..
647 2587 671 2600 ..
689 2561 749 2602 non
762 2548 846 2612 prius
858 2539 956 2600 ullum

499 2639 626 2692 Celestie
638 2650 756 2692 cernere
769 2651 862 2703 regna

500 2730 596 2791 Quam
608 2731 694 2782 nocte
706 2730 736 2781 et
749 2728 871 2781 vulnere
884 2728 966 2781 tristi

500 2817 679 2872 'toleraverit
691 2830 795 2884 aspera
805 2817 922 2872 mundi.

503 2908 580 2961 Mors
592 2908 656 2972 ipsa
667 2907 780 2962 beatior
793 2904 862 2961 inde
874 2909 933 2961 est.
944 2943 950 2959 .
962 2944 986 2960 ..
1005 2902 1106 2976 (cart.
1121 2908 1158 2975 X,
1172 2903 1217 2971 85)

227 3050 323 3124 Quam
343 3063 418 3112 vero
444 3047 661 3129 syllogisticam
697 3051 864 3114 clausulam
888 3065 970 3130 aegre
996 3063 1221 3126 nonnunquam
1242 3052 1274 3109 ct
1294 3044 1461 3110 infeliciter

188 3147 288 3229 quasit
303 3147 396 3211 trahit
409 3152 512 3229 poeta,
529 3155 564 3211 ut
578 3149 610 3210 ln
625 3146 726 3228 Cath„
743 3165 834 3230 quem
849 3166 942 3229 supra
957 3163 1177 3226 memoramus,
1193 3152 1313 3226 quarto.

227 3245 455 3326 Nonnunquam
484 3245 614 3323 nullum,
645 3254 698 3311 aut
725 3247 791 3311 lere
821 3247 952 3323 nullum,
980 3247 1144 3310 transitum
1174 3248 1347 3323 reperimus
1372 3249 1407 3307 nt
1430 3243 1462 3306 in

188 3343 304 3406 catut
327 3344 408 3422 (ride
421 3362 452 3406 v.
475 3335 538 3425 73).
564 3344 590 3410 V
611 3344 694 3425 (vide
716 3363 746 3409 v.
766 3346 846 3428 137),
864 3346 974 3409 Perist.
990 3345 1018 3408 X
1033 3343 1116 3426 (vide
1137 3360 1167 3407 v.
1188 3342 1288 3420 1136),
1306 3343 1393 3406 catti.
1410 3342 1464 3406 Xll

191 3441 242 3522 (de
254 3441 440 3523 Epiphania)
456 3442 507 3507 nbi
522 3451 686 3524 postquam
701 3445 813 3509 Christi
828 3445 972 3508 victorias
991 3460 1049 3525 per
1065 3442 1245 3509 universum
1265 3442 1372 3506 orbem
1392 3458 1466 3505 enu-

188 3540 331 3620 meravit,
347 3541 495 3606 continuo
511 3542 597 3606 addit
614 3563 621 3605 :

507 3697 650 3768 Gaudete,
664 3697 806 3764 quidquid
819 3698 957 3764 gentium
970 3701 1024 3752 eet.
1040 3695 1141 3768 (Catu.
1156 3700 1220 3768 Xll,
1235 3697 1298 3765 201)

231 3838 322 3901 Hunc
334 3851 410 3903 vero
423 3839 594 3904 notandum
614 3848 742 3904 estesse
758 3840 921 3904 transitum
937 3857 993 3921 per
1005 3841 1192 3923 ἀποστροφὴν.
1203 3839 1297 3920 Cujus
1319 3838 1468 3902 transitus

192 3935 786 4024 1111111111111111111,111111
805 3939 1084 4020 exclamationem),
1102 3939 1275 4003 communis
1293 3938 1374 4020 apud
1395 3940 1469 4002 Prn-

192 4035 333 4100 dentium
347 4036 569 4118 estpraecipue
584 4037 617 4100 in
633 4037 741 4100 Perist.
758 4039 801 4100 lta
817 4053 850 4100 se
866 4053 915 4100 res
930 4037 1024 4099 hahet
1040 4035 1219 4101 felicissime
1234 4037 1267 4101 in
1283 4035 1372 4102 Catu.
1384 4035 1425 4100 lll
1441 4057 1448 4100 :

353 4194 445 4248 Macte
455 4192 547 4259 judex
559 4196 757 4264 mortuorum,
771 4197 866 4248 macte
877 4207 930 4248 rex
943 4193 1119 4250 viventium.
1136 4192 1239 4264 (Colle.
1254 4197 1305 4266 lx,
1319 4194 1383 4266 106)

194 4353 286 4433 AEgre
307 4359 338 4416 et
352 4352 461 4434 lriqide
475 4354 508 4417 11
523 4353 635 4418 Perist.
648 4354 660 4417 l
672 4355 778 4436 (versu
795 4354 881 4434 ll8);
894 4355 1033 4435 jucunde
1049 4355 1079 4419 in
1097 4356 1206 4420 Perist.
1221 4355 1248 4418 ll
1262 4355 1367 4436 (versu
1384 4353 1471 4435 529),

195 4451 308 4515 Perist.
324 4453 391 4517 Xlll
407 4453 512 4534 (versu
525 4454 590 4536 90),
607 4455 717 4518 Perist.
733 4455 804 4520 xlv
819 4454 916 4535 (126),
934 4455 1180 4535 Peristephanon
1196 4455 1223 4516 V
1238 4455 1336 4535 (545).

236 4552 365 4632 insuper
382 4552 558 4617 addendum
572 4569 670 4617 unum
691 4554 801 4617 Perist.
818 4553 953 4620 clausula
975 4569 1094 4632 carere,
1111 4552 1230 4616 scilicet
1248 4554 1314 4631 vlt,
1331 4553 1384 4634 qni
1404 4568 1474 4618 cnm

195 4649 262 4713 iere
277 4667 293 4713 a
308 4651 485 4714 narratione
501 4652 650 4724 ordiatur,
668 4669 736 4715 cum
753 4652 932 4715 narratione
947 4653 1086 4718 absolute
1102 4653 1197 4716 finem
1215 4653 1320 4716 habet.

238 4748 312 4823 Quae
332 4749 371 4812 sit
394 4751 495 4830 operis
514 4751 603 4832 lyrici
624 4751 705 4832 apud
726 4751 930 4816 Prudentium
946 4752 1042 4816 forma
1067 4769 1102 4815 ac
1125 4752 1245 4832 specics
1260 4751 1334 4816 satis
1345 4753 1422 4831 jam,
1441 4758 1475 4815 nt

197 4845 704 4930 1111111111,1111111111111,
721 4866 790 4914 cum
805 4865 890 4914 nunc
908 4851 1107 4915 manifestum
1126 4853 1166 4915 sit
1185 4850 1292 4916 lectori
1310 4852 1368 4915 lroc
1383 4867 1478 4931 opus,
