3592 5668
168 629 269 694 subito
284 645 365 692 noro
379 643 512 692 excursu
521 629 635 709 gaudet
647 636 746 710 33313.
765 630 889 694 Scilicet
904 629 947 692 sic
961 629 1089 709 mystico
1103 627 1243 692 ciborum
1258 645 1374 708 genere
1387 647 1444 694 nos

169 745 291 808 quoque
306 729 387 791 Deus
403 735 563 803 sustentat,
580 745 640 808 quo
651 727 805 807 justorum
819 730 850 792 in
867 729 997 808 patriam
1019 727 1191 791 confirmati
1212 728 1372 792 ducemur.
1388 730 1444 793 llic

169 826 449 889 deliciarumloous
465 834 496 890 et
511 827 642 906 peradisi
657 843 789 907 querque
803 827 922 906 singula
938 825 1023 907 pium
1037 833 1159 906 poetam
1177 833 1347 891 morentur.
1366 828 1443 903 Quin

170 926 262 988 etiam
285 924 400 986 1313133
422 925 496 998 adit,
517 923 571 988 ubi
593 925 743 1005 supplicia
767 926 930 990 mitescere
945 926 1082 990 declarat
1101 931 1191 988 nocte
1206 931 1278 989 ante
1293 943 1446 990 resurrec-

172 1023 286 1086 tionem
309 1021 431 1084 Christi·
446 1024 601 1103 proximrr3
628 1039 688 1102 qua
713 1025 866 1088 sententie
886 1024 1010 1087 domurn
1030 1022 1067 1086 ad
1090 1023 1264 1102 paschalem
1278 1034 1399 1088 3331313
1415 1033 1446 1090 31

171 1120 321 1201 paschalis
337 1121 435 1184 333113
450 1121 565 1184 lumina
582 1123 736 1200 pervenit,
749 1139 811 1185 uon
829 1130 930 1187 tamen
947 1123 1004 1186 hac
1019 1137 1052 1185 re
1064 1122 1213 1202 hymnum
1225 1115 1445 1202 conclusurus;

171 1237 243 1284 nam
261 1220 299 1283 ad
320 1220 422 1283 lucem
444 1221 540 1300 ipsam
560 1221 751 1300 universam,
770 1223 899 1304 mystico
920 1238 1014 1285 sensu
1034 1221 1246 1301 significatam,
1275 1240 1445 1313 regressus,

172 1318 321 1383 exclamat
337 1335 344 1378 :

378 1501 380 1506 .
439 1451 484 1502 Tu
497 1449 550 1501 lux
563 1462 630 1502 3313
645 1450 749 1518 333113,
763 1450 817 1503 lux
830 1463 945 1516 quoque
958 1450 1105 1515 33331333,

439 1541 526 1591 Intus
540 1542 575 1592 tu
588 1539 753 1606 speculum,
768 1543 803 1593 tu
816 1540 970 1604 speculum
983 1538 1064 1608 13113,

440 1629 564 1698 Lumen,
580 1631 656 1695 quod
667 1629 817 1682 famulans
830 1629 928 1698 offero,
941 1630 1058 1694 suscipe
1077 1671 1079 1678 ,

440 1719 581 1772 Tinctum
593 1719 709 1784 pacifici
722 1719 905 1773 christmatis
918 1720 1062 1786 unguine.

214 1849 263 1930 (Fi
298 1849 409 1912 Suxros
438 1850 572 1930 hymnus
602 1850 723 1914 titulum
753 1851 880 1930 praelert
907 1851 986 1915 Arete
1014 1849 1198 1913 Somnium:
1228 1849 1341 1926 ‹Adec,
1361 1858 1450 1930 puter

176 1964 337 2028 supreme»
370 1947 479 2027 incipit
499 1957 602 2025 rates3
627 1955 658 2012 tu
681 1949 772 2028 jubes
795 1965 937 2014 somnum
960 1950 1123 2029 obrepere,
1150 1950 1330 2013 utmembra
1347 1949 1450 2029 quiete

176 2046 365 2125 relaxemus3
381 2048 436 2110 sed
451 2047 649 2112 volitantibus
664 2048 790 2111 somniis
802 2049 914 2127 jactata
931 2065 1018 2112 mens
1033 2047 1181 2125 excurrit,
1197 2055 1228 2111 31
1241 2047 1334 2110 333113
1346 2048 1451 2128 imagi·

177 2145 267 2210 nibus
285 2195 294 2224 ,
311 2147 382 2210 boni
397 2147 523 2225 malive,
535 2146 682 2210 ludimur.
699 2147 795 2221 Quam
818 2147 936 2210 diverse
959 2147 1042 2210 enim
1061 2146 1204 2210 viderunt
1223 2162 1331 2209 somno
1346 2147 1448 2228 sopiti.

176 2245 326 2326 Iosephus
342 2245 372 2308 in
387 2261 524 2323 carcere,
541 2253 666 2308 sanctus
679 2247 813 2309 loannes
833 2245 867 2309 in
885 2245 1079 2326 Apocalypsi.
1103 2243 1218 2320 Quibus
1237 2245 1364 2308 somniis
1380 2262 1451 2309 oon·

179 2343 289 2407 similia
305 2360 367 2406 non
383 2343 440 2406 sibi
451 2345 544 2424 'poeta
562 2351 717 2422 precatur,
731 2345 786 2407 sed
802 2361 910 2424 puram
922 2343 1070 2424 quietam,
1090 2359 1182 2423 quam
1198 2349 1231 2407 ut
1243 2346 1450 2425 consequaris,

177 2442 287 2505 suadet
307 2448 342 2506 ut
360 2441 462 2505 crucis
480 2441 568 2522 signo
589 2449 618 2505 13
637 2443 759 2506 munias
781 2443 937 2508 daemonas
955 2442 1110 2522 fugaturo.
1131 2442 1165 2504 ln
1181 2443 1240 2506 hoo
1259 2446 1395 2506 carmine
1411 2445 1453 2507 311

178 2547 261 2604 33113
277 2542 359 2621 quod
375 2541 537 2604 admireris
553 2542 680 2620 eminet,
697 2547 810 2622 praeter
825 2541 906 2604 hanc
926 2557 1051 2605 auream
1076 2542 1274 2620 33313311313,
1294 2559 1355 2604 333
1376 2543 1456 2606 13333

179 2640 216 2701 ad
233 2639 352 2720 reliqua
368 2641 650 2704 accommodatam:

478 2813 490 2830 x
552 2787 634 2840 Idem
650 2784 723 2858 [333]
737 2791 847 2855 tamen,
863 2788 1011 2854 benignus

553 2879 646 2947 Ultor,
661 2879 793 2932 retundit
806 2879 891 2946 irum,

553 2971 721 3034 paucosque
734 2981 793 3022 non
806 2969 922 3034 piorum

551 3057 670 3110 Petitur
681 3057 776 3122 perire
790 3057 822 3111 in
834 3069 943 3110 aevum.

219 3186 279 3250 Sed
295 3187 373 3250 13113
388 3186 658 3267 miraberisquod,
674 3189 776 3252 minus
792 3204 883 3269 quam
899 3203 956 3268 313
975 3203 1062 3252 more
1078 3187 1204 3265 31113333,
1220 3203 1282 3249 333
1299 3192 1455 3250 certamen

179 3285 308 3348 aemulus
323 3285 485 3348 ineatcum
500 3287 650 3349 iuvenale
666 3288 714 3350 331
730 3288 873 3351 Lucretio
888 3287 926 3350 de
942 3287 1161 3352 sceleratorum
1177 3284 1314 3350 somniis.

219 3382 269 3463 (G)
293 3383 435 3447 Snvrruus
458 3392 504 3447 est
528 3384 665 3462 Hymnus
689 3384 912 3464 ieiunantium.
936 3385 1093 3464 Jejunium
1118 3385 1269 3449 311131133
1295 3407 1306 3440 i
1331 3385 1458 3464 crapula

175 3489 296 3560 3133331
311 3483 504 3562 ingenium».
520 3482 611 3546 Vires
626 3499 641 3546 3
655 3483 783 3562 jejuniis
808 3485 893 3548 ducit
910 3485 1043 3548 unimus.
1064 3485 1171 3547 Testes
1192 3483 1295 3546 Helias
1311 3483 1361 3563 qui
1378 3483 1457 3545 133333

181 3581 282 3644 libens
308 3581 468 3658 laboravit,
490 3583 589 3644 Moses
611 3583 663 3661 qui
684 3582 791 3646 decem
814 3582 881 3646 dies
901 3583 984 3646 victu
1005 3583 1153 3647 abstinuit
1167 3583 1345 3662 priusquam
1360 3582 1458 3643 [lenm

179 3679 311 3759 videret,
328 3680 359 3743 S.
375 3680 521 3756 loannes,
536 3680 641 3756 Jonas,
659 3685 689 3742 et
702 3680 847 3744 Ninitivae
868 3681 922 3762 qui
938 3681 1072 3760 peccetis
1088 3680 1244 3743 ooelestem
1259 3680 1335 3742 iram
1350 3695 1459 3743 accen·
1491 3735 1494 3744 .

183 3778 304 3842 derant.
330 3779 404 3842 lnde
424 3778 563 3859 sequitur
584 3779 669 3841 Jonae
689 3781 789 3843 omnis
806 3779 945 3844 historia.
961 3778 1117 3859 Jejuuium
1140 3778 1233 3856 igitur
1254 3777 1372 3849 extollit
1386 3778 1458 3840 Pru·

182 3877 304 3941 dentius
321 3878 518 3940 concludens,

222 3975 430 4058 (1110333333
455 3977 693 4039 Cathemerinon
716 3978 790 4039 Post
810 3976 966 4055 Ieiunium
991 3975 1180 4038 inscribitur.
1203 3977 1297 4053 Deus,
1325 3973 1377 4056 qui
1402 3991 1458 4038 nos

190 4074 342 4138 «hortatu
357 4077 452 4137 133131
467 4075 590 4137 amico»
612 4092 674 4138 non
695 4075 890 4154 JeJ‘unantem
907 4076 995 4154 iubet
1014 4074 1180 4138 deformari
1200 4074 1340 4153 neglecto
1362 4073 1458 4151 cultu,

183 4174 328 4253 pallentia
341 4190 394 4236 ora
409 4179 569 4254 praestare,
585 4171 639 4236 sed
655 4172 784 4236 hilarem
800 4180 830 4237 31
842 4174 922 4236 bone
945 4172 1147 4250 compositum
1169 4189 1202 4236 se
1222 4173 1314 4250 13133,
1334 4171 1459 4250 jejunii·
1529 4221 1530 4226 ,

184 4289 243 4352 que
259 4278 398 4352 tempore
418 4277 498 4348 acto,
523 4271 615 4334 etiam
631 4272 817 4335 abundantia
834 4287 1011 4334 mensarum
1028 4270 1100 4334 1131.
1118 4272 1199 4352 Ergo
1214 4277 1316 4350 grates
1328 4270 1458 4332 Domino

183 4371 353 4434 reddantur
366 4387 422 4450 pro
438 4377 499 4432 tam
515 4369 599 4433 suavi
617 4378 648 4432 et
662 4371 790 4434 remisso
807 4371 948 4451 imperio.

224 4469 335 4532 Totum
350 4468 408 4532 hoc
423 4484 560 4543 carmen,
577 4474 748 4548 temperato
763 4485 878 4548 genere
898 4467 1037 4533 discendi
1056 4477 1088 4531 et
1108 4467 1331 4547 dulciloquum,
1351 4483 1409 4530 333
1428 4467 1458 4530 13

191 4567 316 4631 nimiam
332 4567 565 4648 amplitudinem
581 4567 777 4646 productum,
792 4584 866 4631 vere
881 4567 987 4648 hymni
1002 4568 1080 4630 33311
1096 4567 1231 4646 speciem
1250 4567 1379 4647 praebet.

226 4666 263 4747 (l)
282 4666 524 4731 Cathemerinon
540 4666 638 4729 Nouus
653 4665 796 4747 (1331313
811 4667 908 4730 omnis
923 4666 1016 4746 horu)
1034 4665 1118 4729 lestis
1133 4672 1185 4729 aut
1200 4665 1342 4744 protestis
1354 4665 1462 4728 diebus
1523 4676 1526 4680 ·

191 4780 352 4830 commune
368 4781 493 4829 carmen
515 4765 702 4845 suppeditat,
725 4765 757 4828 in
777 4782 838 4845 quo
860 4765 954 4844 igitur
975 4765 1077 4828 omnia
1100 4764 1168 4828 cani
1191 4771 1330 4844 possunt.
1352 4764 1377 4827 A
1396 4765 1460 4826 lieo

190 4872 327 4930 creatore
343 4864 541 4946 principium.
563 4864 680 4927 Deinde
695 4862 848 4927 Christum
865 4863 1054 4928 salvatorem
1075 4869 1164 4944 33313
1187 4863 1280 4940 dicet,
1300 4863 1460 4942 Evangelii
