3592 5668
873 539 913 549 -
934 505 972 566 52
993 538 1032 549 ..

313 637 326 669 ι
345 615 415 691 Ubi,
429 615 538 696 inquit,
552 616 626 679 mibi
640 615 740 697 ignisi
752 617 867 694 Quibus
886 617 987 698 dietis,
1000 617 1116 683 accitus
1135 633 1238 682 coram
1251 619 1438 700 imperatore
1453 619 1582 697 sistitur,

313 735 324 768 ι
345 729 424 776 novo
444 716 575 794 quodam
597 717 740 797 supplicii
765 734 880 796 genere
899 716 1094 797 plectendus,
1115 716 1231 798 liuguae
1252 718 1370 782 scilicet
1383 716 1581 784 abscissione.

311 812 504 892 »Comperta
526 815 618 894 igitur
639 817 775 879 novitate
798 816 953 896 supplicii,
970 832 1164 896 nequaquam
1189 817 1377 881 conterritus
1401 817 1482 880 ultro
1506 835 1583 898 prae·

310 931 322 964 i
342 911 675 992 teuditlinguam,eam
688 914 1128 994 promptissimedeseoandam
1142 913 1338 979 carnificibus
1349 914 1503 995 praebens.
1514 917 1583 978 Post

309 1029 321 1061 r
340 1010 421 1087 quod
436 1010 620 1089 supplicium
636 1018 800 1075 contrusus
815 1013 846 1075 in
862 1028 1018 1076 carcerem
1022 1059 1081 1076 .....
1096 1013 1127 1075 in
1143 1014 1210 1094 ipso
1223 1015 1332 1092 jacens
1353 1028 1463 1091 nervo,
1478 1013 1581 1076 fractis

308 1129 320 1160 r
338 1104 448 1186 laqueo
464 1107 616 1188 faucibus,
632 1111 790 1192 martyrio,
807 1112 886 1173 siout
901 1118 1072 1191 optaverat,
1088 1117 1255 1174 exornatus
1270 1121 1317 1175 est
1333 1110 1404 1192 (¹).»

348 1207 420 1269 Haec
432 1213 479 1269 est
490 1209 614 1272 Eusebii
626 1209 657 1272 in
670 1217 841 1288 martyrum
852 1211 1025 1274 Palestinae
1035 1211 1113 1273 libro
1125 1211 1273 1274 narratio.
1284 1209 1351 1274 Alia
1363 1216 1410 1273 est
1427 1209 1578 1289 eiusdem,

307 1321 455 1368 excursos
481 1307 529 1368 vel
554 1309 706 1370 sermonis
731 1309 866 1388 speciem
892 1309 1046 1389 praebens,
1074 1309 1112 1372 de
1137 1309 1258 1387 eodem,
1283 1310 1315 1372 in
1339 1308 1417 1372 libro
1441 1309 1580 1372 secundo

306 1404 582 1469 Dellesurrectiouc
591 1409 799 1470 crescentione
808 1409 942 1485 Domini,
953 1425 1056 1489 quarn,
1066 1415 1172 1488 utpote
1181 1409 1373 1488 ampliorem,
1387 1407 1576 1486 effusiorem,

305 1504 548 1584 splendidiorem
570 1508 696 1587 propius
724 1508 864 1587 sequitur
891 1509 1090 1572 Prudentius.
1121 1508 1265 1583 Quadam
1294 1508 1332 1571 ab
1359 1507 1414 1570 ista
1444 1524 1577 1587 excerpo

305 1604 455 1669 hactenus
471 1607 628 1688 atquibus
650 1607 771 1671 auxiliis
787 1625 860 1671 usus
882 1607 975 1671 luerit
997 1606 1182 1671 Prudentius
1204 1605 1304 1687 palam
1330 1606 1395 1669 liat.
1412 1607 1577 1686 Postquam

300 1704 397 1782 jndex
424 1707 594 1770 Romanum
621 1705 699 1770 tradi
722 1705 853 1770 ssanrmis
874 1707 1021 1785 jusserat,
1048 1722 1117 1769 oum
1142 1711 1385 1785 congerereutur
1408 1713 1574 1785 sarmenta,

303 1821 424 1883 caunae,
455 1805 606 1885 «quidam
633 1807 671 1870 de
694 1805 808 1869 ludaeis
833 1804 936 1869 etalii
961 1805 1103 1868 homines
1128 1804 1292 1868 dicebant:
1314 1802 1371 1867 Ubi
1397 1812 1444 1868 est
1467 1821 1576 1870 eorum

302 1925 313 1957 »
332 1903 500 1967 Densi.....
514 1904 590 1968 Coeli
608 1903 750 1968 dominus
759 1905 848 1983 jubet
865 1895 1000 1968 nubibus
1016 1904 1157 1967 coronari
1170 1904 1281 1966 coelum
1298 1951 1318 1966 ..
1333 1920 1436 1983 neque
1448 1905 1574 1969 accendi

283 2002 485 2066 'illummam
499 2003 660 2082 permittit.
677 2005 750 2067 Haec
766 2020 835 2067 cum
857 2003 1004 2067 audiisset.
1023 2011 1184 2084 tyrannus,
1202 2001 1291 2082 jubet
1308 2002 1405 2080 judici
1424 2002 1488 2081 jam
1511 2020 1574 2067 nou

301 2102 446 2166 »debere
464 2104 583 2184 iurgari
605 2104 736 2167 eumad
758 2105 868 2181 Deum,
893 2103 948 2165 sed
969 2101 1061 2165 istum
1083 2118 1174 2182 quern
1196 2101 1338 2165 liberarit
1359 2103 1441 2165 Deus
1463 2102 1573 2166 dimitti

300 2226 312 2257 »
331 2202 457 2266 debere.
470 2205 567 2266 iudex
583 2211 686 2267 autem
698 2204 773 2283 quid
788 2203 883 2266 inciti
894 2202 1035 2283 praecipit
1046 2202 1182 2290 lingnam
1194 2217 1253 2280 qua
1268 2201 1369 2265 luerat
1386 2201 1571 2267 locutus.....

298 2325 309 2357 s
330 2301 490 2380 praeoidi.»
515 2302 716 2366 Prudentium
731 2318 816 2365 nono
829 2300 922 2364 audi:

478 2475 480 2480 ·
563 2459 602 2510 At
614 2461 696 2523 parte
708 2457 804 2523 campi
816 2471 853 2511 ex
866 2458 958 2511 altera
970 2457 1133 2509 immanem
1145 2468 1247 2522 pyram

562 2550 691 2603 Tenebat
704 2551 787 2601 ustor
799 2547 933 2601 fumidus
946 2548 1020 2613 pinu
1031 2547 1122 2610 arida,

562 2639 718 2693 Sarmenta
729 2639 850 2692 mixtim
863 2639 982 2691 subdito
992 2640 1022 2690 et
1035 2636 1097 2689 leni
1109 2638 1223 2689 struem

561 2729 710 2793 spargens
722 2729 836 2795 liquato
849 2741 914 2782 rore
925 2726 1067 2780 ferventis
1079 2725 1162 2793 picis,

560 2819 624 2881 Quo
637 2819 758 2872 flamma
770 2822 859 2884 pastu
871 2820 1013 2872 eresceret
1024 2815 1158 2870 ferocius.

558 2937 597 2989 Et
607 2936 669 3000 jam
683 2936 802 2990 retortis
814 2933 943 2988 brachiis
953 2933 1036 2987 lorea
1048 2931 1166 2984 eminus

556 3027 706 3079 Romanus
720 3017 805 3079 actus
818 3024 1008 3091 ingerebatur
1020 3034 1106 3086 rogo:

554 3131 569 3165 a
584 3116 657 3183 Soio,
671 3115 771 3181 inquit
783 3114 843 3181 ille,
858 3126 917 3166 non
928 3113 1067 3166 futurum
1080 3114 1115 3165 ut
1127 3123 1293 3164 concremer

555 3206 612 3258 Nae
624 3205 769 3270 passionis
782 3205 838 3257 hoc
850 3216 947 3269 genus
959 3202 1064 3256 datum
1076 3204 1122 3254 est
1134 3200 1221 3266 mibi,

552 3296 590 3348 Et
602 3298 695 3348 restat
708 3295 814 3359 ingens
828 3292 905 3358 quod
917 3293 969 3346 flat
982 3291 1170 3344 miraculum.
1186 3305 1202 3340 ν

552 3412 628 3464 Haeo
641 3411 705 3475 ejus
717 3422 783 3464 orsa
796 3410 932 3476 sequitur
945 3409 1109 3461 immensus
1123 3407 1221 3472 fragor

552 3499 644 3553 Nubis
656 3500 783 3566 ruentis,
798 3500 919 3552 nimbus
932 3499 1069 3552 undatim
1081 3497 1167 3562 nigro

548 3593 678 3655 Praeoeps
691 3602 836 3656 aquarum
849 3589 973 3642 flumine
988 3589 1071 3654 ignes
1084 3586 1192 3642 obruit.

546 3681 641 3734 Alunt
653 3681 731 3733 olivo
743 3679 988 3734 semicombustas
1001 3679 1089 3745 loces,

546 3770 601 3824 Sed
615 3770 708 3824 vincit
720 3770 815 3822 imber
825 3771 887 3834 jam
900 3769 1069 3821 madentem
1082 3766 1225 3820 fomitem.
1241 3759 1363 3832 (Porioi.
1378 3766 1414 3834 X,
1427 3765 1490 3818 846¹

544 4040 627 4102 Quod
642 4053 710 4094 oum
724 4041 854 4094 tumenti
868 4040 1043 4094 nuntiatum
1052 4037 1154 4103 judici,

523 4127 526 4136 ‘
544 4129 713 4183 commovit
726 4129 801 4182 iram
814 4129 893 4183 fellis
906 4128 1113 4194 implacabilis:

543 4232 557 4268 a
577 4220 736 4284 Quousque
748 4218 870 4272 tandem
885 4230 1023 4272 summus
1036 4217 1084 4270 bic
1096 4216 1181 4268 nobis
1194 4227 1301 4280 magus

536 4307 660 4377 illudet,
675 4308 783 4378 inquit,
798 4308 1007 4361 Thessalorum
1019 4307 1148 4360 carmine

543 4400 673 4451 Paenam
687 4397 801 4462 peritus
813 4399 926 4450 vertere
939 4396 970 4448 in
983 4391 1168 4448 ludibrium?
1179 4393 1253 4463 (866)

306 4796 335 4859 (¹)
355 4792 499 4853 Eusebius,
512 4791 540 4842 in
552 4790 622 4844 libro
634 4792 791 4855 martyrum
807 4787 1001 4841 Palaestina·
1014 4786 1048 4839 V.
1060 4787 1192 4838 Ruinart:
1215 4785 1279 4837 loto
1294 4783 1451 4852 primorum
1467 4797 1540 4836 inor·-

269 4882 368 4943 tyrum.
