3640 5670
766 527 805 536 -
825 490 863 553 tta
884 527 923 534 -

210 600 419 681 placidissimo
438 621 493 668 ore
514 605 626 686 excipit
640 607 835 670 Laurentius.
863 632 874 664 ι
897 607 1003 670 Votiuu
1022 623 1102 670 tators
1116 613 1158 668 est
1177 605 1310 684 nortun
1325 583 1481 675 aitarens

209 700 251 762 ait
272 701 459 780 praefectus:
478 720 551 784 rogo
568 707 663 784 igitur
681 706 866 778 Laurentius
885 708 1078 784 imponatur;
1095 705 1147 766 sed
1171 722 1229 766 «rte
1245 705 1348 782 feruor
1367 703 1481 782 inuitus

209 799 301 862 niueis
317 819 348 863 os
366 809 485 882 occupet
501 805 685 868 contumacis
705 810 734 867 at
752 805 851 868 cordis
872 805 965 868 intret
985 803 1129 868 obdita».
1146 802 1306 883 Exquisita
1324 817 1481 877 morarum

209 902 309 960 tractu
324 899 475 964 adhibito:

556 1053 658 1114 vapor
671 1063 827 1104 senescens
839 1050 991 1118 langueat,

561 1140 618 1202 Qui
631 1139 718 1192 fusus
730 1140 842 1192 adfiatu
855 1140 913 1192 levi

564 1231 721 1283 Tormenta
734 1230 846 1283 sensim
858 1233 1002 1294 temperet

563 1319 735 1373 Semiustati
748 1320 876 1384 corporis
889 1315 974 1387 (345).

248 1483 328 1562 Mox,
351 1487 522 1551 secuudum
550 1488 711 1568 tequidem,
734 1492 852 1567 martyr
873 1481 1018 1566 impetrat
1038 1492 1083 1564 ut,
1104 1489 1221 1549 mutato
1242 1485 1351 1564 latore,
1383 1509 1395 1543 ι
1406 1503 1483 1566 pars

209 1584 343 1662 corporis
361 1587 439 1648 satis
454 1593 588 1650 cremata
602 1593 797 1650 concertatur
811 1609 841 1662 ι,
859 1593 891 1648 et
903 1602 974 1648 mox
990 1585 1086 1672 addit,
1100 1583 1232 1647 nimium
1246 1583 1349 1648 forsan
1370 1585 1483 1648 scurri-

208 1679 304 1744 liter:
331 1691 468 1748 «coctura
487 1692 539 1760 est,
561 1686 681 1760 devora,
704 1687 744 1748 Et
763 1686 997 1766 cooperimentum
1016 1701 1086 1765 cape
1102 1683 1149 1746 Sit
1174 1684 1299 1746 crudum
1321 1700 1361 1746 au
1382 1702 1483 1747 assum

207 1780 355 1842 saeuius»
375 1783 472 1862 (aaa).

248 1879 344 1958 lingat
359 1880 431 1944 dein
447 1883 632 1947 Laurentius
647 1889 681 1945 ut
696 1883 811 1946 erroris
832 1882 917 1962 impii
938 1883 1064 1945 Romam
1082 1881 1243 1962 poeniteat,
1262 1888 1401 1946 ceterum
1419 1883 1483 1962 jam

208 1977 384 2055 proximum
402 1981 510 2044 adesse
530 1981 766 2046 Constantinum
785 1980 935 2062 praevidet
955 1981 988 2062 (‹
1003 1981 1085 2043 uideo
1113 1981 1254 2060 suturam
1270 1981 1474 2062 principans

209 2091 238 2136 v.
255 2076 344 2157 473);
361 2095 422 2158 quo
437 2080 547 2144 solatio
563 2087 734 2159 recreatur,
747 2081 847 2144 donec
868 2080 961 2161 ‹anis
974 2080 1093 2156 orandi,
1111 2079 1181 2160 bnis
1196 2080 1273 2144 idem
1287 2081 1403 2144 vinculi
1416 2098 1484 2142 car·

207 2175 311 2237 aulis»
328 2178 444 2241 veniat.

249 2277 313 2339 lloc
329 2283 375 2347 ast
389 2294 526 2356 carmen,
537 2278 729 2342 narrativum
740 2279 823 2343 idem
836 2285 867 2342 et
877 2279 1058 2356 oratorium,
1071 2278 1251 2358 litigiosum,
1265 2284 1300 2342 ut
1313 2277 1355 2342 ita
1372 2277 1483 2356 dicam,

208 2373 286 2436 adde
308 2376 440 2440 maxime
454 2377 493 2440 ad
516 2393 641 2440 sensum
663 2378 844 2458 popularem
859 2379 1135 2457 accommodatum,
1150 2378 1183 2441 in
1205 2395 1265 2458 quo
1285 2378 1390 2442 nescio
1411 2377 1483 2458 quid

216 2475 434 2554 ‹saepiarum›
464 2476 600 2555 reperias
621 2477 650 2540 iu
668 2495 737 2558 quac
760 2480 861 2541 «male
869 2478 1054 2558 pertinacem
1072 2499 1083 2532 r
1107 2482 1137 2539 et
1162 2499 1174 2534 t
1195 2474 1324 2540 turbidis
1342 2477 1476 2539 anienis»

208 2587 275 2634 sese
284 2572 443 2650 juniorem
458 2573 606 2655 irrupisse
621 2576 819 2648 Prudentius,
836 2575 869 2638 in
884 2574 1066 2654 praelatIone
1081 2575 1239 2650 universa,
1256 2575 1433 2638 confitetur.
1478 2646 1480 2649 ,

249 2669 298 2751 (Ε)
318 2672 358 2735 Vl
379 2672 622 2762 Peristephanon
645 2681 691 2736 est
710 2676 743 2736 in
763 2676 905 2737 bonorem
928 2673 1178 2736 Beatissimorum
1200 2680 1373 2752 marturam
1392 2675 1485 2736 Frue-

210 2770 289 2832 tuosi
308 2771 436 2851 episcopi
462 2773 696 2835 Tarraconensis
725 2780 753 2837 et
775 2773 911 2853 Auqurii
932 2778 963 2834 et
988 2773 1113 2853 Eulopic'
1136 2773 1343 2840 diaconorum.
1366 2773 1483 2838 Eadem

207 2868 326 2931 ratione
342 2869 392 2932 iric
412 2869 577 2950 dispositus
598 2879 645 2934 est
666 2874 798 2952 hymnus
820 2889 878 2952 qua
901 2888 993 2952 supra
1015 2873 1199 2951 descriptus.
1218 2863 1483 2945 Quemadmodum

206 2983 297 3047 supra
314 2969 500 3032 Prudentius
515 2973 641 3034 Romam
655 2971 800 3034 laudabat
815 2971 896 3052 quod
912 2971 1070 3035 Laurentii
1090 2971 1208 3033 ossibus
1227 2969 1399 3047 fruebatur,
1415 2980 1483 3053 post

205 3067 408 3130 Laurentium
424 3070 565 3147 canebat,
583 3070 728 3149 denique,
747 3086 816 3133 eum
832 3070 870 3132 de
885 3076 1004 3133 remoto
1021 3069 1186 3131 Laurentio
1202 3069 1401 3156 querebatur,
1415 3074 1482 3132 tum

186 3229 188 3232 ,
204 3164 335 3244 supplex
350 3165 388 3228 ad
403 3166 489 3230 illum
505 3168 758 3245 convertebatur3
775 3168 814 3230 ita
837 3184 920 3231 nnnc
941 3168 1074 3248 primum
1089 3173 1190 3246 grates
1206 3167 1279 3246 agit,
1295 3172 1402 3247 utpote
1422 3167 1483 3230 his-

205 3279 317 3344 panus,
334 3265 416 3344 quod
428 3266 560 3329 Tarraco
572 3267 776 3331 Fructuosum
795 3272 889 3344 tenet,
903 3264 974 3329 dein
991 3267 1195 3330 Fructuosum
1212 3265 1341 3345 ejusque
1356 3267 1483 3328 comites

207 3363 416 3443 concelebrat,
439 3371 608 3444 postremo,
624 3370 656 3428 et
682 3363 798 3428 «urbes
818 3363 966 3428 biberas»
993 3363 1097 3427 laudat
1117 3363 1156 3426 de
1176 3364 1269 3427 tantis
1288 3365 1438 3444 patronis,
1454 3371 1484 3427 et

207 3462 330 3526 sibimet
345 3463 503 3526 Fructuosi
516 3462 734 3543 patrocinium,
746 3481 802 3544 pro
825 3461 983 3527 tdtttcibus
998 3460 1276 3541 hendecasyllabis»
1297 3461 1441 3541 postulat.

243 3563 434 3625 Fructuosus
459 3561 621 3642 episcopus
646 3563 898 3640 Tarraconensis,
921 3562 1060 3642 praesidis
1087 3563 1186 3640 jussu,
1209 3561 1248 3624 ad
1276 3560 1389 3639 lorum,
1411 3561 1482 3623 dein

207 3661 246 3723 ad
267 3676 436 3736 carcerem,
460 3661 581 3724 duobus
603 3661 741 3724 diaconis
763 3660 980 3724 comitantibus
1002 3660 1136 3724 ducitur.
1160 3661 1193 3723 ln
1210 3675 1335 3722 carcere
1356 3661 1483 3722 comites

209 3759 401 3823 adhortatur.
423 3747 514 3823 Sexto
534 3759 584 3823 die
604 3766 726 3838 exacto,
747 3760 892 3840 quaesitor
906 3759 1088 3822 AEmiliauus
1103 3775 1156 3820 eos
1177 3757 1293 3836 educit,
1313 3757 1483 3837 edictisque

209 3858 338 3922 Galliani
353 3874 465 3938 parere
481 3864 511 3920 et
525 3859 604 3920 Deos
620 3858 750 3921 adorare
761 3858 860 3937 jubet.
878 3860 1057 3921 lienuentes
1071 3855 1138 3936 pios
1150 3854 1232 3918 viros
1248 3862 1380 3918 tortores
1392 3855 1485 3918 dedu-

211 3965 285 4020 cunt
299 3957 337 4020 ad
350 3959 477 4020 circum.
492 3956 714 4036 ingrediuntur
724 3957 840 4020 circum
855 3957 1016 4034 «serarum
1026 3955 1121 4016 multo
1131 3955 1279 4035 sanquine
1288 3955 1477 4018 numatam»

212 4056 264 4119 ubi
289 4057 471 4136 ‹pladiator
485 4073 644 4136 percussus
664 4055 754 4128 cadit,
776 4062 804 4118 et
822 4055 927 4133 fremit
944 4055 1107 4134 uoluptas»
1131 4051 1194 4132 (θῖ,
1210 4052 1273 4133 65).
1290 4054 1329 4117 Ut
1344 4059 1484 4134 paratum

211 4154 385 4217 ascendunt
398 4154 522 4216 bustum
539 4154 657 4216 calceos
672 4160 790 4217 exuunt
804 4152 913 4231 sancti,
930 4159 964 4214 ut
979 4153 1044 4232 ipse
1064 4153 1164 4216 ltloses
1180 4151 1218 4214 ad
1236 4152 1357 4214 llulrum
1372 4153 1485 4214 arden-

212 4259 274 4316 tem
297 4251 460 4316 accedens.
487 4253 622 4316 Flamma
648 4252 765 4316 catenis
789 4268 898 4314 aarum
919 4251 1044 4316 brachia
1069 4244 1199 4314 exsolvit
1220 4267 1289 4330 qnae
1314 4251 1433 4330 possint
1455 4251 1485 4312 in

213 4366 336 4414 crucem
352 4351 532 4414 extendere.
551 4352 583 4414 ln
600 4352 726 4416 fornace
742 4358 803 4413 tres
818 4351 964 4414 Hebraeos
983 4350 1066 4413 dicas
1086 4349 1219 4413 adstare.
1237 4350 1261 4411 Α
1277 4349 1340 4412 lieo
1362 4349 1486 4412 tandem

213 4450 270 4513 sibi
287 4456 448 4529 parentem
464 4451 619 4513 dammam
633 4451 734 4513 acrius
748 4449 859 4512 saevira
874 4455 1026 4529 martyres
1039 4449 1217 4528 impetrant,
1230 4463 1307 4526 quos
1328 4446 1359 4509 in
1376 4447 1487 4510 coelum

215 4549 421 4612 ascendeutes
435 4547 559 4611 satelles
574 4549 700 4628 quidam
714 4548 895 4626 admiratur,
913 4554 943 4610 et
957 4547 1030 4611 filiae
1044 4545 1186 4627 praesidis
1201 4551 1345 4608 ostentat.

254 4643 1487 4726 InvaduntsanctorumossaChristiani‚partcmquesibiqnisquesuam'rapiunt.

217 4744 375 4824 apparent
395 4753 497 4808 autem
520 4746 605 4808 stolis
628 4746 796 4808 candaules
816 4746 961 4808 humeros
980 4744 1082 4809 amicti
1100 4750 1252 4824 martyres
1276 4748 1307 4805 et
1325 4759 1395 4804 suas
1419 4741 1491 4804 reli-

218 4838 303 4922 quias
322 4845 433 4907 eodem
452 4845 571 4908 tumulo
593 4845 719 4908 recondi
734 4844 860 4926 J'ubent.
873 4844 943 4909 lllos
959 4839 1082 4908 invocat
1097 4837 1294 4921 Prudentius,
1309 4829 1490 4922 praesertim
