3592 5668
896 521 935 532 -
956 487 976 548 3
997 521 1035 530 -

332 605 365 666 in
386 603 522 666 ecclesiis
542 603 596 666 diu
618 610 775 682 noctuque
797 601 888 666 certis
909 600 1021 664 diebus
1037 607 1068 663 et
1086 602 1171 665 horis
1191 610 1390 678 canerentur,
1410 603 1452 666 ita
1471 619 1545 667 sane
1563 612 1598 668 ut

330 703 518 782 hymnorum
532 700 734 777 consuetudo,
747 699 830 778 quod
845 700 885 763 ad
900 697 1104 762 occidentales
1116 706 1216 780 partes
1227 701 1370 782 pertinet,
1385 703 1423 765 ab
1433 701 1597 766 Ambrosio

332 800 478 877 equidem
508 804 645 874 auctore,
672 799 844 862 aDamaso
873 813 949 860 vero
980 802 1123 860 curatore
1154 796 1375 878 proficiscatur.
1401 799 1498 878 mayor
1528 807 1599 880 pars·

332 903 510 978 poematum
530 912 601 975 quae
624 897 682 959 sub
702 895 824 959 Damasi
850 895 978 958 nomine
1001 894 1162 957 memoriae
1185 896 1400 974 traditasunt,
1416 896 1597 962 brevissima

332 1001 414 1070 sunt,
435 1011 493 1058 nec
515 995 554 1057 ad
574 993 671 1056 alium
692 995 787 1056 linem
805 992 973 1072 spectantia
992 992 1052 1054 nisi
1071 997 1106 1054 ut
1123 993 1157 1055 in
1180 995 1391 1058 monumentis
1413 1003 1596 1075 martyrum,

332 1093 480 1168 ecclesiis,
509 1089 640 1167 sacellis,
663 1091 793 1154 tumulis
815 1095 919 1168 (suum
940 1089 1003 1170 ipse
1025 1089 1217 1170 epitaphium
1247 1092 1395 1154 Damasus
1414 1093 1599 1175 composuit)
1699 1137 1702 1143 —

333 1191 555 1255 inciderentur.
582 1191 682 1252 Pauca
706 1194 810 1252 tamen
837 1188 998 1268 ampliora,
1021 1188 1063 1249 De
1088 1184 1282 1268 Virytoitoto,
1303 1193 1380 1252 teste
1399 1189 1597 1270 Hieronymo,

331 1288 505 1367 scripserat.
532 1276 644 1350 Omnes
669 1286 783 1348 media·
797 1291 897 1358 aetate,
921 1283 1034 1347 nostris
1059 1284 1251 1364 temporibus
1279 1285 1421 1365 plerique
1449 1287 1601 1365 Hymnom

332 1387 368 1447 de
381 1387 478 1448 Beato
491 1379 615 1464 Ayotho
630 1384 760 1446 Damaso
776 1383 995 1462 assignandum
1009 1397 1075 1444 esse
1090 1382 1208 1461 opinati
1223 1389 1305 1447 sunt.
1323 1382 1468 1447 Sincerus
1489 1386 1602 1469 horum

333 1499 464 1564 operum
487 1499 589 1545 sermo
609 1486 640 1544 et
658 1481 850 1556 emendatus,
871 1481 1081 1544 subobscurus
1110 1484 1224 1555 tamen,
1252 1493 1310 1544 nec
1332 1482 1442 1544 eadem
1462 1499 1522 1562 qua
1545 1489 1601 1546 sen

332 1580 461 1644 iuvenci
481 1579 547 1642 sive
566 1579 723 1642 Ambrosii
747 1578 871 1658 scripta,
894 1577 1063 1664 subtilitate
1087 1577 1267 1656 probabilis.
1293 1577 1363 1642 Non
1386 1581 1469 1642 male
1488 1579 1602 1643 tornati

332 1693 455 1755 versus;
482 1677 623 1757 prosodia
645 1682 759 1750 autem,
785 1677 868 1754 quod
888 1681 952 1739 tam
971 1675 1080 1738 crebro
1100 1690 1157 1739 uos
1174 1675 1288 1738 iterare
1307 1677 1411 1752 taedet,
1428 1691 1491 1740 non
1506 1678 1602 1741 semel

333 1781 432 1849 nutat,
448 1780 533 1838 extra
550 1767 691 1837 normam
707 1773 894 1846 errabunda,
911 1772 1027 1852 saepius
1038 1772 1126 1852 quasi
1145 1771 1203 1835 ¹suh
1225 1773 1414 1852 syllabarum
1431 1785 1487 1838 sen
1502 1775 1604 1838 eleva-

332 1879 436 1936 tarum
454 1887 510 1935 seu
532 1872 748 1952 depressarum
773 1869 891 1934 ditione
902 1870 1027 1948 ‚jacens
1053 1869 1134 1945 Quin
1156 1867 1280 1948 y'ocatur
1304 1871 1416 1951 saepias
1441 1869 1601 1948 Damasus,

333 1970 465 2050 pessimo
489 1987 555 2032 suae
576 1969 675 2032 aetatis
698 1985 797 2042 more,
824 1970 1026 2051 ἀκροστιχίδων
1056 1967 1159 2048 specie
1183 1967 1325 2031 versibus
1356 1963 1521 2049 dispositis,
1552 1971 1602 2034 vol

333 2084 440 2132 versus
455 2074 489 2132 ut
501 2065 645 2130 similiter
660 2067 771 2129 cadant
782 2066 989 2144 eumdemque
1001 2065 1130 2128 auribus
1140 2079 1253 2128 sonum
1264 2067 1440 2146 percutiant
1451 2066 1600 2143 efficiens,

332 2165 442 2229 saltem
456 2166 489 2227 in
516 2165 635 2244 Hymoo
647 2165 681 2226 de
694 2165 791 2226 Beato
806 2163 941 2244 Apotho.

372 2263 443 2327 Non
456 2263 558 2325 solum
573 2261 728 2324 Ambrosii
743 2261 865 2340 hymnis
880 2261 1082 2322 vehementer
1096 2266 1268 2324 commotus
1283 2260 1385 2324 luerat
1397 2261 1600 2340 Augustinus,

333 2362 387 2425 sed
398 2361 501 2436 etiam,
513 2366 547 2422 ut
559 2356 820 2422 verisimillimum
832 2364 887 2432 est,
901 2359 940 2420 ad
949 2354 1135 2421 imitandum
1150 2357 1328 2437 episcopum
1340 2355 1601 2422 Mediolanensem

333 2475 401 2522 sese
419 2457 513 2522 dedit.
532 2457 567 2519 Ei
590 2455 681 2536 pauci
705 2455 810 2535 hymni
834 2455 1027 2531 tribuuntur,
1049 2454 1264 2534 parnmdigni
1286 2455 1399 2534 qulbus
1423 2455 1600 2535 incumbas3

334 2557 448 2637 quippe
467 2553 605 2617 inusitati
626 2560 699 2616 sunt
718 2541 839 2631 generis
859 2559 890 2614 et
909 2566 1020 2632 parum
1040 2551 1204 2616 mirabilis.
1224 2553 1377 2616 Videntur
1395 2553 1545 2616 duntaxat
1563 2554 1603 2617 ad

246 2657 248 2663 ’
333 2654 492 2734 plebeium
508 2669 601 2715 usum
620 2651 853 2714 accommodati.
871 2650 1093 2730 simpliciores,
1109 2647 1298 2724 subtiliores,
1321 2666 1362 2712 ne
1380 2651 1482 2713 dicum
1501 2651 1602 2713 humi*

334 2752 437 2826 liores,
455 2751 558 2814 omnia
574 2754 759 2828 acceperunt
772 2764 842 2826 quae
857 2747 1004 2826 diligebat
1016 2749 1140 2826 uulgus,
1156 2764 1173 2810 a
1189 2747 1304 2824 quibus
1317 2755 1422 2810 autem
1440 2748 1557 2812 crndlti
1572 2755 1605 2810 et

335 2848 461 2912 litterati
486 2849 709 2912 abhorrebant:
729 2847 853 2914 scilicet
876 2861 983 2908 versus
1007 2846 1045 2909 ad
1069 2859 1169 2912 unum
1183 2861 1296 2909 sonum
1310 2852 1482 2924 vergentes,
1502 2847 1544 2908 ita
1567 2853 1604 2910 nt

337 2947 382 3026 (in
401 2948 520 3026 Hymno
541 2947 585 3008 De
604 2947 744 3008 colorum
764 2943 1001 3024 otoyoo'ficottio)
1017 2943 1068 3005 vel
1089 2949 1149 3006 tres
1167 2959 1277 3006 versus
1296 2943 1436 3006 continui
1459 2941 1605 3007 similiter·-

335 3046 487 3120 desinant,
511 3043 595 3122 quod
615 3042 681 3124 (aut
700 3041 777 3120 lere)
799 3042 839 3104 ab
856 3041 940 3103 ltalls
957 3040 1184 3104 recentioribus
1206 3049 1291 3106 totto
1311 3039 1394 3107 tinto
1413 3042 1601 3122 appellatum

335 3143 413 3206 adde
426 3141 628 3221 serpentinas,
646 3147 680 3202 ut
700 3140 742 3201 ita
761 3138 873 3214 dicam,
890 3139 1047 3218 strophas,
1063 3139 1105 3203 ita
1126 3136 1288 3219 dispositas
1308 3144 1342 3202 ut
1361 3155 1378 3202 a
1397 3147 1459 3217 quo
1478 3140 1604 3220 stropha

334 3239 443 3320 incipit
456 3255 563 3301 versos
579 3237 661 3300 idem
677 3253 746 3300 cam
761 3235 926 3300 concludat
932 3259 941 3314 ;
955 3237 1033 3299 adde
1044 3237 1242 3316 stropharum
1253 3237 1342 3301 initia
1354 3237 1472 3301 litteras
1482 3237 1520 3312 h,
1533 3238 1567 3310 D,
1580 3237 1604 3300 G

335 3344 365 3399 et
384 3343 500 3400 ceteras
518 3353 557 3398 ex
577 3335 687 3397 ordine
707 3335 890 3413 prebentes,
906 3349 962 3396 seu
973 3331 1035 3410 joci
1056 3349 1146 3396 causa
1166 3340 1199 3397 et
1215 3331 1366 3411 libidihls,
1381 3335 1458 3409 sive,
1475 3349 1546 3397 cum
1564 3334 1604 3397 ad

334 3451 426 3496 usum
440 3417 621 3514 popularem
635 3447 670 3495 ea
687 3430 824 3493 carmina
839 3435 1024 3510 spectarent,
1037 3431 1197 3494 memoriae
1211 3430 1396 3508 adiuvandae
1410 3441 1514 3496 eausa.
1529 3431 1605 3494 lnda

333 3532 442 3594 saltem
461 3535 552 3611 patet,
574 3541 638 3591 non
656 3527 763 3590 solum
777 3543 886 3605 yersus
905 3527 1050 3590 similiter
1065 3525 1250 3604 desinentes,
1272 3533 1307 3591 ut
1324 3525 1455 3605 constat,
1479 3528 1534 3592 sed
1550 3537 1606 3591 eos

334 3629 535 3707 calamiscos,
553 3644 631 3706 quos
644 3626 780 3688 vidimus
798 3625 1010 3705 indulgentius
1029 3641 1046 3690 a
1065 3619 1326 3708 profanis'poetis
1346 3632 1521 3706 usurpatos,
1538 3639 1603 3692 nnn

334 3743 444 3809 parum
458 3721 509 3790 uel
523 3724 666 3807 populari
681 3722 786 3788 sensui
802 3721 991 3803 congruisse.

472 3931 563 4012 §vlt
581 3965 619 3976 -
634 3927 785 4005 Quomodo
799 3946 830 3992 se
848 3925 980 4003 haberet,
1002 3927 1185 3991 Prudentius
1200 3937 1291 4008 poam
1305 3926 1458 4004 scobem,

784 4026 863 4108 opud
876 4027 1028 4089 Romanoa
1044 4026 1153 4106 poesia.

371 4219 442 4282 libi
457 4223 551 4298 patet,
568 4215 660 4278 tertio
675 4221 706 4277 et
721 4219 832 4292 quarto
846 4213 962 4286 seculo,
981 4212 1069 4291 quasi
1084 4212 1149 4274 duo
1162 4211 1274 4276 itinera
1289 4210 1407 4292 poesim
1422 4211 1602 4289 calcauisse3

334 4318 407 4380 hinc
419 4315 539 4380 scilicet
552 4314 708 4395 profanos,
726 4311 863 4390 antiquae
877 4309 1078 4388 eiusdemque
1092 4309 1222 4372 sincera
1232 4307 1419 4373 elocutionis
1434 4314 1602 4384 curatores,

333 4433 444 4478 verum
459 4415 498 4477 ad
512 4413 680 4475 humiliora
695 4409 860 4490 plerosque
879 4406 1099 4494 descendentes
1118 4412 1149 4468 et
1169 4407 1295 4487 pusilla,
1317 4406 1502 4471 christianos
1516 4406 1605 4469 illinc

334 4515 373 4576 ad
384 4511 529 4575 sublimia
541 4511 714 4582 tendentes,
725 4497 836 4586 opibus
846 4497 954 4568 crebro
963 4504 1036 4566 artis
1044 4503 1269 4568 deficientibus.
1277 4503 1348 4566 Fuit
1357 4509 1602 4584 autemtempus,

333 4617 444 4691 quarto
461 4608 621 4673 desinente
639 4605 757 4679 seculo,
775 4617 846 4666 cum
864 4610 895 4666 et
910 4602 1059 4677 rhetores,
1072 4601 1124 4665 vel
1142 4603 1305 4666 rhetorum
1322 4599 1477 4681 discipuli,
1497 4605 1606 4680 utputa

334 4710 480 4773 Paulinus
498 4705 651 4780 Nolensis,
675 4701 805 4766 Ausonii
830 4700 986 4776 alumnus,
1008 4700 1184 4764 christianae
1202 4698 1324 4779 pietatis
1343 4699 1464 4762 ardenti
1493 4699 1604 4762 affectu

333 4806 470 4888 impulsi,
488 4805 526 4869 ad
540 4802 685 4866 sublimia
699 4801 828 4864 tendere
846 4803 1019 4879 coeperunt,
1036 4804 1067 4860 et
1086 4797 1244 4862 christiani
1261 4797 1352 4875 longe
1370 4795 1487 4874 mayore
1501 4795 1604 4860 studio
