3592 5668
762 510 919 574 ..59...

203 627 304 704 nibus,
317 626 580 700 similitudinibus,
594 624 748 706 allegoriis
756 625 859 705 valde,
868 627 937 706 plus
948 634 979 690 et
990 643 1078 707 aequo
1090 632 1234 691 ornatum
1242 647 1251 702 3
1266 643 1370 690 rerum
1381 626 1481 706 dispo·

202 725 345 790 sitionem
369 725 553 806 plerumque
578 733 675 802 curat,
703 732 737 788 ut
761 740 853 789 omne
878 741 955 805 opus
981 726 1037 788 uni
1061 725 1168 788 lormae
1194 726 1359 802 reddatnr;
1388 726 1479 790 variis

201 826 308 888 metris
328 825 426 888 utitur
440 831 471 889 et
486 823 670 904 quibusdam
685 823 813 887 minime
830 823 861 887 in
875 822 978 887 medio
995 823 1113 903 positis.
1130 823 1268 903 Species,
1285 831 1319 887 ut
1333 824 1477 902 diximus,

200 924 372 1000 συμὸολικὰς
386 929 569 1002 aucupatur,
590 937 653 984 non
675 920 765 986 istius
785 922 909 1002 generis
930 921 1056 984 omuino
1080 928 1200 1000 auctor,
1227 938 1297 984 cum
1320 909 1479 985 neminem

198 1020 294 1100 fugiat
308 1021 366 1084 hcc
380 1036 477 1100 genus
500 1020 580 1100 apud
601 1019 798 1083 Ambrosium
820 1020 852 1083 in
876 1019 993 1083 bonore
1013 1019 1120 1095 inisse,
1145 1019 1201 1082 sed
1224 1020 1310 1099 quasi
1331 1019 1479 1110 magister

198 1136 233 1183 ac
258 1119 413 1201 princeps.
444 1119 597 1198 Allegoria
626 1120 722 1198 enim,
753 1133 823 1183 cum
850 1117 1005 1182 Ambrosii
1034 1117 1113 1198 legis
1142 1118 1286 1200 hymnos,
1319 1118 1477 1182 interdum

197 1218 416 1298 subrepentem
432 1225 550 1282 tantum
564 1217 785 1298 deprehendis.
803 1217 982 1281 Memineris
1004 1217 1108 1292 velim,
1130 1225 1164 1281 ut
1185 1216 1326 1296 exempla
1348 1218 1477 1296 habeas,

197 1316 273 1379 duos
287 1317 403 1396 primos
419 1316 573 1379 Ambrosii
588 1317 730 1398 hymnos,
747 1317 800 1380 ubi
821 1317 905 1394 Dies,
929 1314 1041 1378 Christi
1061 1316 1148 1395 quasi
1168 1315 1287 1396 species
1311 1321 1342 1378 et
1364 1317 1476 1394 ligura,

197 1415 341 1493 occurrit,
357 1413 450 1479 Satan
470 1415 573 1479 Noctis
595 1416 651 1479 sub
674 1415 807 1496 imagine
830 1422 929 1479 terras
954 1414 1084 1479 involvit
1108 1422 1140 1478 et
1161 1419 1268 1478 terret.
1290 1414 1379 1496 Apud
1403 1416 1477 1478 Pru·

197 1515 334 1579 dentium
351 1532 447 1594 regno
461 1515 578 1594 potitur
591 1515 758 1595 Allegoria,
774 1516 940 1595 omniaque
959 1515 1025 1578 lere
1047 1515 1094 1579 sui
1114 1513 1193 1593 juris
1220 1513 1331 1593 suique
1356 1513 1476 1578 arbitrii

198 1612 280 1675 iacit.
307 1613 446 1677 Vidimus
473 1630 534 1693 quo
559 1619 659 1694 pacto,
686 1614 931 1693 Psychcmcchice
954 1614 986 1676 in
1010 1613 1204 1694 praefatione,
1226 1613 1390 1692 figuratam
1419 1628 1477 1693 per

198 1711 449 1791 explicationem,
460 1711 552 1789 ¹Caini
568 1719 599 1774 et
614 1711 717 1775 Abelis
732 1712 891 1775 historiam
905 1717 1012 1774 narret
1033 1711 1232 1789 Prudentius,
1253 1710 1472 1790 mysteriorum

199 1809 296 1873 lactus
310 1811 478 1890 interpres,
493 1810 699 1875 subobscurus
715 1827 801 1889 sane,
819 1811 858 1874 ita
875 1816 910 1873 ut
930 1810 1084 1889 sortilegis
1105 1810 1264 1873 interdum
1282 1825 1392 1890 parum
1417 1810 1477 1872 dis-

199 1915 305 1989 crepet
320 1910 473 1973 senlentia
488 1909 626 1989 Delphis.
649 1910 919 1988 Psyehcnrachiun
934 1909 1032 1989 ipsam
1047 1925 1109 1972 non
1125 1909 1366 1972 memorabimus
1383 1915 1478 1972 totam

200 2010 331 2087 figurale
345 2007 555 2088 compositam.
572 2005 639 2070 Non
655 2009 714 2071 alio
732 2008 823 2071 modo
835 2008 913 2071 solet
927 2025 961 2072 se
977 2008 1093 2073 habere
1107 2024 1158 2071 res
1178 2009 1210 2070 in
1233 2006 1474 2083 Gallunnrinon,

200 2123 332 2186 quorum
351 2107 382 2169 in
407 2107 418 2168 l
440 2107 512 2171 Non
528 2107 658 2186 liguram
677 2108 767 2170 nobis
788 2107 906 2188 praebet
924 2100 1054 2183 Paneuei,
1082 2107 1123 2171 ita
1147 2112 1191 2180 ut,
1217 2107 1476 2186 quemadmodum

200 2205 789 2282 01000010Μο00,010οΝ0010800000,
803 2206 895 2269 morli
908 2206 1095 2286 simillimus,
1106 2205 1240 2282 oriatur,
1252 2205 1286 2268 in
1297 2206 1323 2269 ll
1335 2204 1476 2269 Christus

201 2305 258 2366 sub
278 2303 347 2366 illei
364 2318 497 2383 persona
516 2304 661 2380 occurrit,
685 2321 754 2367 cum
775 2305 845 2367 Dies
866 2320 1008 2386 corpora,
1028 2305 1168 2368 Christus
1188 2304 1307 2368 animos
1331 2302 1475 2379 illustret,

200 2404 314 2480 ioveat,
333 2403 469 2481 rehciat3
494 2403 527 2467 iu
551 2403 602 2480 tv,
632 2419 702 2468 cum
723 2402 886 2467 Danielum
907 2403 939 2468 in
962 2404 1041 2468 iossa
1064 2403 1150 2468 vides
1178 2403 1321 2468 leonibus
1346 2404 1476 2467 circum-

199 2503 315 2581 datum,
332 2501 541 2566 Christianum
561 2500 616 2566 tibi
631 2502 750 2582 ringere
770 2501 865 2566 debes
886 2519 902 2566 0
923 2502 1116 2567 daemonibus
1142 2503 1316 2582 obsessum,
1339 2503 1393 2566 Dei
1419 2503 1476 2567 snb

201 2601 350 2664 tutamine
367 2617 522 2666 securum.
544 2601 623 2665 Sunt
640 2601 698 2666 alia
720 2601 915 2680 hujusmodi
938 2602 1104 2682 permulta.
1127 2602 1214 2666 Adde
1235 2601 1389 2680 precibus,
1407 2618 1476 2680 quae

200 2701 286 2779 quusi
310 2698 511 2764 fundamenta
536 2707 609 2764 sunt
630 2701 813 2780 hymnorum
838 2707 870 2762 et
888 2699 1047 2774 materies,
1072 2701 1136 2763 lere
1158 2701 1236 2762 nihil
1262 2699 1473 2780 Ambrosium,

201 2800 435 2880 descriptiones,
452 2799 658 2877 narrationes,
675 2798 879 2878 amplissimas
893 2815 1131 2880 nonnunquam,
1145 2806 1180 2863 ut
1193 2801 1280 2863 lonae
1294 2799 1325 2862 in
1343 2799 1475 2880 septimo

201 2899 440 2972 Cathemerinon,
473 2898 641 2962 inseruisse
664 2898 865 2963 Prudentium
885 2897 935 2979 (¹).
965 2899 1067 2977 Unde,
1093 2915 1132 2962 ne
1158 2899 1259 2979 plura,
1289 2899 1363 2962 satis
1388 2905 1474 2978 patet

199 2997 408 3076 Ambrosium,
423 3012 482 3060 nec
500 2997 696 3062 Ambrosium
716 2996 820 3077 modo,
843 2999 897 3062 sed
922 3005 954 3060 et
973 2998 1136 3077 Hilarium,
1153 2996 1373 3077 Augustinum,
1397 2998 1474 3062 alios

187 3095 320 3174 ignotos
344 3095 482 3175 nomine,
508 3094 631 3176 hymnis
652 3096 807 3175 fingendis
833 3096 872 3161 ad
896 3096 1034 3161 iidelium
1062 3096 1300 3160 delectationem
1328 3104 1359 3159 et
1385 3113 1474 3159 usum

200 3195 402 3274 spectavisse;
427 3192 631 3273 Prudentium
659 3195 696 3258 ad
725 3211 816 3259 suum
844 3195 1035 3275 praesertim3
1065 3195 1133 3259 illos
1163 3195 1271 3258 iecisse
1292 3212 1361 3275 quae
1382 3212 1473 3259 cane·

200 3300 328 3371 rentur3
344 3310 414 3374 quae
426 3292 606 3374 legerentur
626 3294 710 3358 hunc
731 3293 902 3374 scripsisse.
927 3294 1043 3370 Quibus
1063 3295 1136 3359 satis
1156 3294 1314 3374 discussis,
1335 3295 1474 3376 singulos

200 3393 431 3456 Cathemerinon
444 3391 603 3457 volvamus
618 3415 625 3456 :

239 3491 289 3572 (A)
305 3492 383 3556 Sunt
397 3485 691 3573 Cutbenwrinenqui
710 3493 802 3573 primi
822 3499 991 3556 occurrunt
1018 3493 1153 3557 maxime
1182 3493 1221 3558 ad
1235 3493 1473 3559 Ambrosianum

198 3607 318 3654 morem
332 3591 563 3656 accommodati.
584 3592 641 3666 Qui
656 3610 759 3656 rnruus
774 3591 953 3658 inscribitur
968 3592 1006 3657 de
1021 3593 1186 3657 Christiani
1202 3593 1365 3657 sententiis
1377 3601 1425 3656 est
1436 3595 1474 3656 od

198 3690 278 3771 palli
288 3698 421 3754 contacta.

570 3820 639 3874 Ales
649 3820 706 3873 diei
718 3821 847 3873 nuntius

569 3910 676 3963 Lucem
688 3910 885 3976 propinquum
898 3910 1042 3974 praecinit.

569 4001 627 4054 Noe
638 3999 781 4053 excitator
794 4001 943 4054 mentium

567 4091 633 4142 Jam
646 4089 783 4142 Christus
795 4091 830 4142 ad
842 4089 935 4142 vitem
948 4091 1040 4143 vocat.
1057 4084 1169 4156 (cath,
1185 4093 1207 4153 1,
1224 4087 1249 4157 1)

568 4322 679 4373 Ferunt
690 4324 835 4386 vagantes
847 4321 1006 4383 daemones,

568 4411 663 4462 Laetos
676 4409 806 4463 tenebris
819 4410 963 4477 noctium,

568 4499 652 4552 Gallo
666 4502 791 4552 canente
803 4499 959 4553 exterritos

566 4588 697 4653 sparsim
708 4589 814 4642 timere
826 4589 976 4642 enecuere.
989 4586 1091 4656 (Ceth.
1102 4591 1124 4657 1,
1136 4587 1182 4657 38)

231 4805 259 4869 (¹)
277 4805 314 4854 Ci.
329 4806 362 4856 de
373 4806 445 4856 omni
463 4807 514 4858 hac
526 4820 570 4857 re:
588 4807 688 4856 Ebert:
707 4803 1051 4859 Obristlicb-Loleiniscbcn
1071 4806 1218 4867 bileralnr,
1238 4822 1265 4872 p.
1282 4806 1401 4868 010040,
1420 4807 1473 4862 247,

174 4880 180 4888 '
195 4887 251 4947 248,
264 4885 323 4946 ‘tim
335 4885 422 4937 Buehr
433 4909 437 4936 :
450 4883 631 4940 Obsistlicben
642 4885 759 4945 Dichter,
775 4901 800 4951 p.
814 4887 853 4938 77.
