3640 5670
735 509 915 570 —139—

230 629 408 692 Notandum
424 639 470 689 est
483 625 699 705 Prudentium,
715 643 786 688 cum
802 641 919 688 caesura
934 622 1032 687 utitur
1049 625 1118 702 post
1136 618 1303 699 dactylum,
1325 633 1462 698 persaepe

188 726 427 807 postdacqlum
441 725 688 805 monosyllabum
707 741 823 804 ponere
841 723 930 803 (Vide
946 721 1033 786 Goth.
1053 721 1104 798 lli,
1128 719 1176 797 13,
1200 719 1248 796 16,
1267 718 1317 792 ab,
1338 717 1389 794 36,
1409 716 1460 792 19,

188 827 239 899 68,
256 825 305 898 63,
322 826 374 904 68,
390 826 441 903 76,
460 825 511 903 78,
527 824 577 902 79,
592 824 656 905 91).
672 823 761 886 Unde
777 822 923 902 colligere
937 820 1010 884 licet
1024 835 1088 882 non
1103 834 1212 899 parum
1231 817 1264 878 in
1284 816 1343 878 hoo
1362 819 1461 877 metro

189 925 227 987 ad
242 922 522 1006 penthemimerem
536 939 669 1004 pronum
684 937 761 984 esse.

348 1131 476 1212 §xxiii
486 1167 525 1176 —
534 1129 588 1212 (11)
602 1125 735 1210 Stropba
747 1137 878 1210 quatuor
888 1127 1136 1208 asclepiadeorom
1149 1125 1302 1188 rnimaram

618 1228 768 1308 (carmi.
785 1227 818 1291 G.
830 1228 861 1292 S.
875 1228 898 1305 l,
911 1225 1024 1307 pret).

227 1417 464 1498 Asclepiadeum
477 1417 632 1481 minorem
648 1417 789 1480 tractavit
803 1416 988 1480 Prudentius
1001 1415 1128 1477 omnino
1140 1411 1260 1477 Horatii
1272 1412 1368 1474 instar
1382 1408 1457 1490 (vid.

189 1515 289 1578 Canu.
307 1516 330 1595 1,
349 1516 387 1578 1;
410 1517 578 1602 «Hermas
593 1516 693 1578 ataar'c
708 1517 783 1579 edite
796 1513 915 1596 rapidos
927 1514 957 1594 r)
978 1513 1146 1592 Nunquam
1166 1527 1315 1575 caesuram
1330 1509 1461 1590 penthe-

187 1613 350 1677 mimerem
365 1614 479 1677 omisit.
497 1615 663 1694 Nunquam
680 1621 733 1678 aut
747 1615 810 1676 lere
825 1629 986 1693 nunqnam
1002 1610 1207 1692 praecedentis
1225 1625 1333 1672 versus
1352 1624 1460 1671 seusus

186 1710 417 1792 insequentem
433 1712 565 1776 incurrit
581 1716 628 1792 (ut
646 1712 726 1793 apud
748 1711 909 1775 Horatium
935 1710 1035 1773 «Sam
1049 1727 1120 1790 qaas
1139 1707 1292 1771 curricula
1306 1707 1460 1788 palearem

188 1811 367 1892 olympicum
403 1811 561 1892 Calleqt'sse
582 1814 740 1890 juoat‚....
757 1835 787 1890 a,
823 1827 906 1872 «mec
930 1817 1050 1891 partem
1080 1808 1175 1870 aalide
1208 1807 1321 1869 demere
1348 1807 1382 1867 de
1412 1806 1460 1867 dr'a

186 1907 393 1987 Spernit,...»)
409 1925 478 1989 qaae
493 1908 591 1971 virtus
603 1918 633 1970 et
647 1926 745 1972 venus
760 1908 926 1972 Horatiana
942 1913 998 1970 est.
1019 1906 1155 1970 Strictim
1171 1911 1338 1984 quaternos
1352 1919 1459 1966 versus

185 2005 318 2068 secernit
333 2006 365 2068 in
380 2007 467 2070 Catb.
484 2008 522 2085 ll,
538 2007 592 2070 ubl
608 2024 680 2070 vere
696 2009 836 2086 strophas
850 2009 888 2070 de
902 2023 988 2068 more
1007 2021 1061 2068 sua
1084 2011 1172 2067 aetate
1192 2003 1317 2082 vulgato
1341 2017 1459 2082 ponere

186 2102 296 2166 voluit.
319 2105 452 2169 Metram
474 2105 658 2169 continuum
681 2113 726 2168 est
748 2105 779 2168 in
802 2105 834 2168 G.
853 2105 884 2169 S.
901 2103 1120 2187 lpraelatloue,
1146 2108 1181 2166 ut
1201 2103 1233 2165 io
1249 2100 1350 2182 primo
1366 2098 1458 2181 primi

187 2200 260 2265 libri
275 2203 394 2267 Horatii
410 2204 558 2268 carmine.

188 2423 322 2504 §llell¹
339 2449 379 2470 ÷-
393 2425 446 2507 (N)
460 2425 592 2507 Strapba
618 2435 750 2508 quatuor
772 2425 972 2491 lambientem
992 2427 1189 2489 dimetraram
1215 2424 1459 2487 catabolicorum
1549 2471 1551 2474 -

654 2562 659 2570 -
732 2524 832 2606 (Gatb.
849 2525 911 2606 Vl).

224 2738 274 2802 Sic
288 2740 472 2821 plerumque
487 2740 672 2806 Prudentius
687 2740 856 2805 iambicum
871 2741 1039 2805 dimetrum
1054 2739 1266 2805 catalecticum
1280 2737 1390 2820 ponit:

183 2989 409 3054 nonnunquam
424 2994 431 3037 :

182 3168 253 3217 1310
268 3173 274 3215 :

222 3388 341 3470 Nempe
363 3406 434 3452 cum
455 3391 544 3454 Cath.
568 3391 606 3453 Vl
624 3408 662 3454 eu
689 3392 743 3455 161
773 3391 912 3455 dimetris
940 3390 1081 3456 iambicis
1103 3397 1161 3455 cat.
1182 3395 1313 3468 constet,
1332 3394 1405 3454 sunt
1424 3387 1455 3451 in

182 3487 282 3567 primo
297 3487 366 3553 loco
380 3490 519 3570 spondaei
538 3489 605 3569 102,
622 3489 760 3570 anapesti
774 3491 824 3570 38,
840 3490 934 3554 iambi
950 3491 979 3553 7.

183 3720 307 3801 §Xllll⁸
330 3756 371 3768 -
393 3721 442 3804 (Ο)
468 3723 600 3803 Strapba
632 3726 760 3805 potoque
788 3726 996 3788 immemorem
1032 3721 1232 3787 iambicaram
1258 3721 1363 3800 (Ceth.
1393 3720 1455 3798 Vll,

500 3821 607 3884 Perist.
624 3824 666 3900 ll;
683 3823 789 3901 Psycb.
806 3824 908 3901 Prael.;
925 3825 1014 3886 Ham.
1032 3823 1135 3899 Praei.)

223 4023 396 4087 Licentiam
416 4024 541 4088 videtur
562 4027 749 4090 Prudentius
766 4027 914 4105 majorem
939 4028 1015 4106 (non
1030 4043 1176 4107 magnam
1190 4026 1273 4106 dico)
1292 4027 1457 4107 sumpsisse

182 4120 215 4183 in
230 4121 378 4186 trimetris
393 4122 547 4203 iambicis,
563 4125 705 4205 populari
719 4131 818 4188 metro
833 4132 864 4187 et
878 4132 951 4189 nato
966 4126 1059 4190 rebus
1073 4126 1213 4206 agendis,
1231 4127 1314 4206 quod
1329 4142 1458 4207 praeser-

181 4220 238 4283 tim
253 4220 283 4282 in
301 4221 533 4285 narrationibus
548 4230 688 4303 usurpat,
704 4241 798 4303 quam
813 4223 953 4304 quolibet
973 4225 1006 4288 in
1022 4224 1094 4290 alio.
1119 4226 1280 4304 Dactylum
1302 4224 1387 4287 enim
1406 4223 1457 4286 hic

182 4319 324 4382 videmus
338 4319 450 4383 iambis
465 4320 609 4401 minium,
623 4323 705 4400 quod
719 4321 748 4383 in
766 4322 906 4386 iambicis
920 4323 1319 4387 versibusborrerenoster
1332 4321 1457 4385 videtur

186 4417 270 4497 (vide
296 4435 388 4498 supra
418 4419 571 4499 ngssl).
602 4419 747 4500 Dactylus
776 4427 903 4501 apparet
929 4421 1031 4502 primo
1064 4424 1142 4502 pede
1171 4421 1301 4485 trimetri
1331 4419 1456 4484 iambici

182 4515 291 4578 Perist.
309 4517 347 4594 11,
363 4516 414 4596 31,
430 4518 500 4597 791,
519 4516 611 4594 luam

186 4613 275 4677 tertio
291 4615 369 4696 pede
384 4615 492 4678 Perist.
509 4617 547 4695 ll,
563 4618 634 4695 611,
649 4617 720 4696 aul,
735 4619 806 4698 896,
822 4619 882 4682 918
896 4621 947 4700 (1),
958 4619 1030 4698 963,
1044 4619 1119 4694 981;

213 4792 245 4858 (¹)
258 4793 365 4844 Soanda
380 4793 514 4851 ‹Natulral
525 4795 610 4848 lluxlu
621 4795 650 4846 ac
664 4796 799 4850 tbnb‘rlsin
813 4807 818 4856 ι
833 4797 1031 4860 sblidumlcblt·
1045 4811 1107 4848 cum
1123 4796 1456 4862 Prudentiusplerumque

185 4875 270 4924 tentiis
281 4880 372 4939 ponat.
387 4875 461 4926 Licet
474 4875 604 4927 scandere
618 4898 623 4925 2
639 4896 648 4921 ι
662 4875 774 4941 Natuqrd
785 4876 876 4940 dunel
898 4875 927 4929 ac
941 4877 1041 4939 tornois
1051 4885 1079 4928 iu
1092 4884 1097 4933 1
1117 4875 1228 4928 sblidum
1249 4882 1254 4934 1
1269 4879 1344 4929 odit..
