3592 5668
329 594 441 677 summi¹
460 611 623 693 pontificis,
638 611 793 674 Ambrosii
807 610 1046 673 Mediolanensis
1061 610 1214 690 imprimis
1229 611 1367 674 nomina.
1381 612 1522 676 Diximus
1537 631 1599 693 quo

329 719 417 793 pacto
433 712 540 792 hymni
560 712 599 774 ad
617 710 864 774 Christianorum
884 715 1065 785 conuentus,
1081 709 1147 772 sive
1166 709 1321 787 convivia,
1337 710 1403 775 sive
1422 711 1551 790 vigiliasv
1562 730 1601 776 ex

329 809 532 874 orientalibus
547 808 686 889 partibus
701 807 799 888 petiti,
814 807 929 870 sensim
941 806 981 870 ad
993 807 1185 871 occidentem
1199 809 1408 886 manaverint,
1422 809 1464 873 ita
1479 815 1513 872 ut
1527 812 1601 874 Prn-

328 909 434 972 dentio
448 909 584 985 vivente,
601 907 772 988 praesertim
786 913 976 982 senescente,
994 907 1081 970 nulla
1092 906 1236 970 videatur
1250 907 1283 969 in
1298 907 1456 972 Occidenti
1472 909 1600 972 ecclesia

327 1024 392 1070 esse
412 1024 481 1087 quaa
497 1024 560 1069 non
580 1007 631 1068 vel
651 1003 773 1081 Hilarii,
789 1004 840 1067 vel
861 1005 1027 1078 Ambrosii,
1046 1006 1096 1068 rel
1118 1005 1283 1084 Augustini
1306 1007 1429 1086 hymnis
1451 1007 1609 1071 continue

328 1111 483 1187 personet,
494 1105 544 1168 vel
556 1105 595 1168 ad
606 1101 840 1180 Hilariensium,
852 1104 903 1165 vel
913 1103 1600 1186 adAmbrosianorumexemplarcompositis.

327 1207 399 1268 Haec
413 1207 541 1268 luerunt
562 1201 721 1266 Prudentii
741 1202 938 1278 documenta,
960 1203 993 1265 in
1016 1202 1119 1266 medio
1135 1203 1244 1283 posita,
1262 1204 1330 1266 haec
1351 1203 1460 1281 audiit,
1481 1204 1599 1277 didicit,

328 1303 488 1379 combibit,
506 1307 661 1383 postremo
677 1305 722 1364 est
736 1297 1030 1364 imitatus.'Videbis
1050 1302 1144 1379 enim,
1167 1318 1239 1365 cum
1258 1301 1386 1382 propius
1405 1303 1444 1366 ad
1462 1301 1602 1381 singulos

328 1404 458 1483 hymnos
485 1401 714 1475 accesserimus,
738 1399 911 1477 materiem,
937 1407 972 1465 ut
999 1401 1141 1480 exemplo
1166 1407 1246 1477 utar,
1271 1396 1509 1476 Cathemerinon,
1537 1400 1601 1482 ple-

325 1516 459 1580 rumque
474 1499 512 1562 ab
528 1498 691 1563 Ambrosio
707 1497 929 1562 Mediolanensi
944 1498 1147 1561 prudentium
1160 1503 1338 1561 mutuatum
1353 1516 1433 1579 esse3
1450 1499 1602 1580 hymnum
1654 1499 1656 1505 '

327 1596 573 1661 Prudentianum
603 1597 641 1660 od
661 1597 738 1678 pelli
761 1603 883 1660 ceolum
905 1614 968 1659 non
994 1597 1145 1676 hymnum
1170 1597 1411 1660 Ambrosianum
1435 1599 1537 1662 solum
1563 1598 1602 1661 de

329 1697 437 1760 eadem
454 1714 498 1773 re,
516 1697 570 1759 sed
585 1697 714 1777 insuper
729 1697 881 1776 hymnum
896 1694 1007 1760 Hilarii
1022 1694 1099 1774 (sive
1118 1697 1175 1759 sub
1191 1696 1319 1760 nomine
1337 1696 1448 1760 Hilarii
1463 1697 1511 1761 his
1524 1703 1601 1760 tem-

326 1796 456 1877 poribus
472 1795 658 1876 vulgatum'),
675 1797 843 1858 matutinos
861 1793 915 1872 qni
935 1800 1146 1873 nuncupatur,
1162 1793 1207 1856 sic
1226 1795 1440 1858 exordientem
1457 1817 1464 1858 ε
1488 1796 1603 1858 «Locis

328 1898 484 1976 largitor»
508 1895 540 1956 in
557 1893 741 1957 memoriam
753 1893 883 1972 legentis
894 1908 1056 1974 revocarey
1071 1891 1166 1955 immo
1178 1892 1411 1973 Peristepbcooa
1422 1894 1601 1957 universam

326 1995 523 2070 sententiam,
548 1993 614 2056 lere
635 1992 703 2054 sine
726 1991 833 2067 dubio,
857 1992 895 2054 ab
916 1990 1181 2070 inscriptionibus
1205 1991 1488 2072 epigrammatibus,
1509 1993 1603 2073 epita·

327 2093 408 2172 phiis
424 2092 557 2168 Damasi,
575 2090 729 2172 pontilicis
744 2089 884 2166 maximi,
902 2091 1070 2170 prolectam
1086 2107 1152 2152 esse
1158 2111 1166 2166 ;
1186 2107 1257 2152 cum
1276 2090 1448 2167 videamus,
1467 2091 1601 2172 exempli

258 2205 260 2210 ’
327 2208 429 2267 causa,
461 2191 541 2253 nihil
570 2208 636 2253 esse
672 2189 758 2253 aliud
787 2189 1021 2270 Peristcpbeooo
1049 2190 1201 2268 hymnum
1233 2188 1297 2252 Vlll
1334 2189 1393 2251 nisi
1428 2190 1601 2271 baptisterii

331 2288 490 2367 cujusdam
517 2287 719 2368 epigramma,
742 2287 836 2351 simul
858 2292 1031 2367 martyrum
1052 2286 1107 2365 qui
1135 2304 1172 2350 eo
1198 2286 1265 2349 loco
1287 2287 1367 2367 passi
1392 2295 1481 2351 erant
1506 2289 1600 2379 epita-

326 2387 446 2466 phium.
1640 2449 1645 2457 ,

333 2513 335 2518 ·
366 2485 447 2546 Fons
464 2483 543 2546 alius
559 2481 694 2559 additur,
713 2499 751 2546 ex
766 2499 829 2561 quo
845 2483 939 2563 lyrica
954 2482 1162 2546 Prudentiana
1176 2490 1394 2561 manaverunt,
1406 2485 1523 2548 scilicet
1536 2485 1601 2549 sive

327 2583 407 2646 Acte
423 2590 605 2662 martyrum,
623 2581 688 2644 sive
703 2580 843 2664 ejusdem
856 2581 941 2645 modi
957 2581 1093 2644 historiae
1108 2597 1178 2658 quae
1192 2581 1239 2643 his
1254 2582 1446 2662 temporibus
1459 2585 1603 2662 hequen·

331 2681 415 2744 tibus
440 2681 579 2744 ecclesiis
610 2680 705 2759 vulgo
730 2680 924 2759 legebantur.
954 2680 1140 2761 Exemplum
1167 2679 1193 2741 si
1216 2679 1419 2758 desideratur,
1447 2685 1604 2746 conteram

331 2779 480 2860 anonymi
496 2779 656 2858 quusdam
671 2778 840 2842 Christiani
854 2778 945 2841 valde
962 2778 1122 2856 antiquam
1138 2778 1176 2841 de
1195 2777 1358 2842 Vincentio
1379 2781 1601 2857 narrationem,

331 2894 401 2941 cum
416 2876 527 2956 quinto
543 2876 787 2956 Peristepboooo.
806 2877 932 2953 Paucos,
950 2875 1121 2957 praecipuos
1136 2882 1251 2952 tamen,
1268 2877 1353 2940 locos
1368 2895 1509 2960 excerpo.
1525 2881 1604 2944 Cum

328 2976 488 3054 Datianus,
505 2975 680 3057 provinciae
699 2992 822 3055 praeses,
847 2974 1048 3039 Vincendum
1066 2975 1163 3054 magis
1182 2982 1213 3038 et
1229 2977 1327 3055 magis
1347 2978 1486 3056 torqueri
1501 2977 1600 3055 jubet.

328 3075 370 3137 ita
386 3074 530 3153 loquitur
546 3090 721 3154 anonymus
739 3095 746 3136 :
769 3075 968 3154 «Excanguis
989 3079 1020 3137 et
1040 3073 1105 3155 ipse
1124 3073 1283 3151 Datianus,
1301 3082 1425 3155 pectore
1443 3080 1599 3152 trementi,

327 3198 339 3230 a
363 3173 460 3237 torvis
483 3179 514 3235 et
539 3171 714 3235 minacibus
741 3172 850 3248 oculis,
867 3173 1052 3236 exclamat:
1073 3172 1206 3235 rimetur
1226 3173 1327 3236 acrior
1350 3173 1459 3237 intima
1484 3177 1601 3253 ungula

328 3296 339 3328 s
363 3277 528 3345 costarum,
560 3275 591 3333 et
619 3269 709 3332 dolor
741 3269 850 3333 intima
883 3277 1050 3351 penetrans
1077 3269 1227 3349 gemitum
1255 3272 1386 3336 reddere
1414 3273 1515 3350 iaciat,
1536 3290 1600 3337 non

327 3393 338 3427 a
362 3375 584 3448 contemptum.
610 3368 690 3431 'lum
709 3368 812 3431 denuo
832 3362 1221 3434 subridens'Vincentius:
1250 3365 1323 3450 clu
1347 3369 1482 3434 Deorum
1501 3373 1597 3447 testis,

326 3491 338 3524 »
361 3474 459 3547 tuque
473 3472 671 3529 mortuorum
686 3467 741 3528 das
755 3471 898 3530 mortuus
912 3467 1061 3546 pontifex.
1076 3469 1141 3546 Ego
1161 3469 1217 3530 uni
1237 3475 1267 3530 et
1284 3469 1356 3531 vivo
1376 3471 1515 3534 sacrifico
1534 3471 1598 3534 Deo

324 3590 335 3623 a
359 3566 413 3645 qui
426 3565 664 3629 estbenedictus
677 3564 709 3627 in
720 3565 844 3628 saecula.
858 3589 869 3622 a
881 3565 977 3629 -Sic
989 3566 1173 3631 Prudentius
1182 3565 1315 3646 explicat
1329 3567 1494 3630 :Datianus
1504 3568 1596 3632 dicit:

696 3763 713 3797 o
726 3747 869 3801 Vinctum
881 3749 999 3805 retortis
1011 3749 1139 3803 brachiis

692 3837 818 3890 Sursum
832 3850 866 3890 ao
878 3851 1010 3892 seorsum
1024 3839 1183 3908 extendite,

693 3929 840 3994 compago
853 3929 945 3982 donec
956 3943 1080 3983 ossuum

694 4019 817 4072 Divulsa
828 4020 1017 4072 membratim
1028 4023 1134 4086 crepet.

695 4171 834 4224 Posthinc
847 4171 956 4225 hiulcis
968 4173 1076 4226 ictibus

692 4261 805 4314 Nudate
817 4265 966 4314 costarum
978 4261 1088 4329 abdita,

692 4351 730 4404 Ut
742 4363 794 4415 per
806 4351 928 4403 lacunas
941 4351 1100 4404 vulnerum

689 4442 705 4491 J
708 4453 776 4493 esus
790 4443 934 4494 retectum
947 4441 1079 4507 palpitet.
1096 4455 1111 4490 ›

689 4593 812 4647 Ridebat
824 4593 888 4646 haeo
901 4591 987 4646 miles
1000 4593 1052 4646 Dei

689 4685 795 4737 Manus
807 4685 946 4736 cruentas
956 4683 1112 4748 increpans

688 4771 771 4837 Quod
785 4771 846 4826 dxa
856 4785 916 4826 non
928 4771 1105 4838 profundius

688 4865 816 4916 latraret
829 4865 913 4916 artus
926 4863 1050 4928 ungula.
1066 4858 1190 4930 (Perist.
1205 4862 1239 4926 V,
1255 4860 1317 4929 109)
