3592 5668
876 525 923 568 ²-
944 523 984 585 tt
1005 556 1045 566 -

370 639 677 720 Horatios(ilermino
704 657 736 716 n,
752 640 784 716 2,
803 638 871 719 li):

649 822 763 840 .......
781 783 840 836 nisi
852 796 942 836 causa
953 783 1049 837 morbi

647 873 767 938 Fugerit
779 872 862 925 venis
875 875 904 925 et
917 885 1047 938 aquosus
1062 873 1127 926 albo

734 963 857 1027 Corpore
869 963 1006 1027 languor.

368 1078 552 1141 Prudentius
566 1098 573 1140 :

608 1203 711 1255 Carnis
722 1201 859 1268 voluptas
873 1202 970 1256 omnis
984 1214 1036 1267 per
1049 1202 1132 1256 nefas
1146 1201 1215 1256 ruit.
1234 1198 1282 1270 (P.
1299 1204 1335 1270 x,
1351 1197 1411 1270 515)

368 1345 511 1408 Horatius
527 1345 682 1426 (Carmine
697 1344 721 1423 l,
738 1345 768 1422 3,
785 1343 853 1424 75)

749 1482 854 1535 Audax
867 1482 966 1534 omnia
979 1483 1092 1547 perpeti

641 1571 720 1628 Gens
730 1571 862 1625 humana
878 1571 939 1624 ruit
953 1583 1004 1636 per
1017 1571 1144 1625 vetitum
1157 1570 1253 1624 nelos.

367 1714 552 1779 Prudentius
567 1736 573 1772 :

553 1854 636 1904 Tunc
648 1853 677 1904 et
690 1863 760 1904 ense
773 1861 848 1904 caesa
860 1849 955 1903 virtus
968 1849 1054 1903 triste
1067 1850 1217 1904 concussit
1229 1850 1337 1935 solum.
1352 1845 1412 1920 (Ρ.’
1422 1853 1444 1917 1,
1459 1847 1505 1918 49)

365 1993 508 2057 Horatius
525 1993 678 2070 (Carmina
694 1995 733 2071 ll,
749 1994 780 2068 5,
798 1992 862 2074 l2):

659 2131 735 2182 cum
746 2129 840 2182 fracta
853 2129 958 2194 virtus,
973 2132 1002 2183 et
1014 2129 1146 2184 minaces

660 2221 755 2284 Turpe
765 2220 863 2272 solum
875 2219 1000 2286 tetigere
1013 2223 1114 2273 mento

367 2351 551 2414 Prudentius
565 2373 572 2414 :

555 2491 611 2542 Nec
624 2489 725 2542 minus
738 2489 872 2543 instabili
886 2489 1003 2555 sonipes
1018 2489 1134 2543 feritate
1147 2490 1283 2554 superbit

555 2578 715 2644 impatiens
728 2577 854 2632 madidis
867 2578 1007 2632 frenarier
1021 2591 1071 2633 ora
1083 2579 1203 2644 lupatis.
1220 2575 1338 2648 (Pspcle
1356 2577 1418 2648 190)

363 2721 451 2784 Prius
465 2727 567 2784 autem
583 2719 747 2783 Horatius:

644 2902 810 2920 ..........
816 2864 923 2930 gallica
935 2877 989 2919 nec
1002 2866 1112 2931 lupatis

640 2957 794 3020 Temperat
806 2967 856 3008 ora
869 2955 978 3036 irenis,
987 2952 1155 3023 (Carmina,
1172 2959 1195 3027 l,
1209 2959 1235 3026 8,
1250 2958 1278 3027 6)

363 3081 548 3146 Prudentius
566 3102 573 3144 :

588 3218 663 3271 Hinc
677 3229 792 3283 quoquo
803 3217 939 3282 pomiferi
952 3219 1082 3272 nemoris

587 3309 708 3359 liunera
720 3307 805 3360 mitia
817 3308 1013 3372 provenerint.
1031 3305 1076 3377 (C.
1092 3311 1142 3378 ill,
1156 3307 1202 3378 76)

313 3514 316 3520 ,
362 3447 509 3528 Virgilius
524 3449 630 3528 (lieet,
648 3448 673 3526 l,
688 3446 740 3528 81)
755 3469 762 3510 :

593 3623 761 3642 ..........
779 3590 852 3641 sunt
865 3587 949 3641 nobis
961 3586 1047 3643 mitia
1059 3598 1154 3654 poma.

361 3719 545 3783 Prudentius
562 3741 570 3782 ε

534 3859 657 3912 Saucius
671 3857 768 3911 dolore
781 3856 877 3912 multo
889 3856 963 3911 colla
976 3857 1088 3911 fractus
1100 3857 1208 3911 sibilat.
1228 3856 1272 3924 (C.
1289 3861 1338 3925 IX,
1353 3858 1399 3928 90)

263 4063 266 4072 ,
362 3997 509 4078 Virgilius
521 3998 622 4079 tillo„
639 3999 677 4077 V,
695 3998 764 4080 lit)
782 4019 789 4062 :

532 4135 618 4187 Parte
631 4134 712 4188 ferox
724 4135 888 4201 ardensque
900 4135 994 4189 oeulis
1005 4137 1035 4189 et
1048 4136 1135 4189 sibila
1147 4137 1222 4189 eolla

534 4223 653 4277 Arduus
666 4224 817 4292 attollens;
829 4238 897 4291 pars
910 4227 1032 4279 vulnere
1045 4225 1150 4279 clauda
1163 4229 1292 4281 retentat

533 4315 697 4367 Nexantom
709 4314 793 4368 nodis
806 4327 895 4381 seque
908 4315 939 4369 in
952 4328 1006 4370 sua
1019 4316 1151 4370 membra
1165 4317 1336 4381 plicantem.

361 4453 444 4519 Idem
462 4456 596 4536 (decep,
613 4455 663 4531 ill,
680 4453 772 4534 lto:

533 4593 754 4657 Tollentemque
766 4592 863 4644 minas
877 4596 905 4645 et
918 4593 1005 4645 sibila
1017 4593 1091 4646 colla
1103 4596 1280 4650 tumentem.

361 4735 548 4801 Prudentius
566 4757 573 4798 :

528 4876 640 4928 Tantus
654 4884 736 4928 amor
748 4875 835 4928 terrae
852 4910 1250 4930 .......................
1270 4872 1391 4946 (Apoll.
1408 4875 1486 4952 1028)
