3640 5670
882 500 1060 562 -lttt-

373 616 409 679 Ira
423 617 505 680 orsi:

535 729 670 796 Spemque
682 730 710 780 in
720 739 726 794 )
738 729 780 780 me
792 735 912 786 omlnem
924 732 1039 780 statuat.
1048 764 1054 778 .
1064 765 1070 779 .
1080 773 1082 777 .
1094 763 1100 778 .
1116 725 1154 790 (d.
1167 723 1194 780 S.
1207 727 1242 788 ll,
1255 727 1322 789 159.)

534 819 613 872 Unus
623 818 684 885 eigo
695 820 840 882 didrmente
852 832 1116 883 rorgo............
1130 816 1168 882 (0.
1182 815 1210 870 S.
1223 817 1256 878 ll,
1268 817 1336 881 227.)

331 944 386 1010 ubi
402 952 462 1009 eto
477 962 516 1010 ex
529 945 616 1010 brevi
628 946 753 1025 longam
768 947 878 1010 laetam
892 945 1066 1027 reperimus
1080 961 1205 1010 oaesurae
1220 959 1310 1009 eausa
1323 941 1408 1023 (vide
1419 961 1511 1027 supra
1527 943 1603 1025 51)).

372 1044 409 1107 Io
422 1044 506 1118 tirsi,
523 1045 606 1124 quod
621 1042 718 1124 magis
732 1044 923 1125 culpandum
937 1062 944 1104 ε

533 1185 607 1238 vade
618 1185 709 1238 holmo
721 1185 836 1237 addattu
847 1185 947 1244 nosltri
960 1185 1132 1253 praelnobilis
1144 1187 1150 1235 l
1161 1185 1225 1237 oris.
1239 1185 1344 1252 (Psyolt.
1355 1187 1422 1251 698.)

315 1312 385 1381 nbi
401 1319 431 1374 et
445 1311 571 1376 brevem
586 1312 618 1374 iu
633 1311 721 1376 hiatu
740 1310 873 1393 positam
893 1311 971 1392 (non
989 1321 1104 1393 puncto
1123 1312 1274 1391 subjecto,
1289 1317 1323 1375 ut
1339 1311 1426 1391 apud
1440 1309 1605 1390 Virgilium

339 1411 490 1475 «idoneo
504 1412 619 1475 incesso
634 1412 738 1490 potuit
754 1408 817 1473 Deo
837 1412 879 1485 ι),
903 1417 934 1474 et
955 1409 1076 1474 hiatum
1098 1409 1130 1474 in
1152 1409 1232 1474 thesi
1256 1409 1409 1489 videmus,
1436 1415 1604 1488 utrumque

330 1509 490 1574 vitiosum.
1116 1588 1125 1606 ι
1157 1539 1161 1550 ,

534 1623 617 1674 immo
628 1623 664 1672 tta
675 1630 681 1676 t
692 1621 741 1682 est,
754 1622 837 1674 armis
848 1625 875 1672 et
887 1623 992 1674 viribus
1004 1623 1097 1689 indige
1107 1623 1173 1676 veri.
1187 1623 1225 1688 (C.
1238 1619 1266 1678 S.
1280 1621 1395 1714 113310.)

331 1742 382 1807 vel
398 1743 482 1824 (cum
496 1739 683 1804 Prudentius
696 1737 792 1804 immd
807 1739 920 1821 saepius
934 1741 1087 1822 usurpet).

532 1883 616 1935 tmmd
627 1882 679 1932 itte
689 1881 730 1933 est
731 1917 1156 1942 ............................

330 2001 552 2084 quodmodo,
575 2006 607 2065 et
626 2000 731 2064 minus
751 1998 916 2064 molestum
937 2015 1031 2080 quam
1051 2000 1172 2064 hiatum
1192 2000 1275 2064 inter
1296 2017 1394 2066 unum
1416 2007 1447 2064 et
1473 1999 1605 2064 alterum

330 2103 442 2183 pedem
456 2099 591 2182 positum
606 2097 748 2162 arbitrer.
765 2097 968 2178 Quacumque
983 2105 1086 2162 tamen
1105 2097 1225 2163 ratione
1244 2099 1373 2168 scandas
1392 2099 1545 2181 culpanda
1560 2105 1607 2163 est

331 2199 427 2262 thesis
440 2198 528 2263 hiatu
541 2204 677 2278 gravata.

371 2298 507 2361 Domum
517 2295 550 2359 in
565 2294 682 2377 lyricis,
696 2295 781 2375 quod
795 2293 924 2358 omnino
940 2295 1245 2376 reprehendendum,
1262 2285 1324 2361 duo
1338 2296 1492 2379 exempla.

531 2429 582 2480 His
592 2427 725 2481 memlbrd
737 2427 863 2492 nertgunt
874 2430 975 2489 ninere,
988 2431 1016 2478 rit
1028 2443 1034 2485 1
1045 2431 1211 2494 lgnllvdrint.
1224 2429 1330 2493 (Portet.
1343 2431 1380 2493 X,
1394 2431 1474 2496 idid.)

533 2517 616 2570 Ardor
627 2519 703 2575 nnltd
713 2515 812 2583 instem
824 2517 980 2583 simlplloes.
994 2516 1080 2581 (dato.
1095 2518 1154 2578 ΧΠ,
1168 2519 1234 2584 139.)

332 2655 385 2719 ubi
400 2661 431 2718 et
444 2652 564 2718 hiatum
579 2652 613 2714 iu
628 2649 732 2732 lyricis
744 2651 900 2730 versibus,
916 2653 1003 2731 cujus
1014 2651 1057 2714 rei
1069 2652 1232 2717 virdunum
1244 2649 1416 2717 etalterum
1427 2653 1604 2735 exemplum

331 2761 378 2816 est
391 2755 478 2835 (Hor.
495 2753 553 2833 Ep.
573 2752 612 2830 V,
635 2749 706 2828 100,
725 2750 827 2813 Carm.
849 2751 873 2829 1,
894 2748 945 2826 28,
967 2750 1019 2832 29)
1044 2758 1075 2814 et
1095 2751 1215 2816 hiatum
1237 2751 1353 2832 brevis
1375 2761 1406 2815 et
1426 2746 1547 2816 hiatum
1571 2752 1603 2815 in

331 2853 411 2916 thesi
438 2851 533 2915 simul
559 2849 780 2930 vituperandos
807 2849 967 2913 habemus.
994 2848 1072 2913 Nota
1098 2849 1218 2915 hiatum
1246 2869 1263 2916 a
1285 2851 1316 2916 S.
1345 2851 1509 2917 Ambrosio
1538 2869 1604 2916 esse

330 2950 534 3033 prohibitum.

795 3151 873 3234 §tlt
892 3189 928 3198 -
943 3153 986 3217 De
998 3155 1142 3221 Elisiooe.

371 3360 434 3423 Neo
448 3357 486 3421 iis
501 3358 754 3423 annumerandus
773 3364 818 3420 est
837 3358 1024 3423 Prudentius
1040 3359 1093 3440 qui
1112 3361 1288 3440 trequentes
1306 3361 1452 3426 elisiones
1472 3363 1602 3427 admise-

331 3466 415 3536 runt,
431 3475 489 3522 noo
503 3458 543 3521 iis
558 3457 612 3536 qui
628 3456 761 3520 maxima
777 3472 849 3519 eura
864 3458 1054 3522 vitaverunt.
1073 3459 1151 3523 Cum
1166 3460 1249 3523 enim
1262 3459 1412 3542 Virgilius
1428 3479 1465 3524 ox
1481 3461 1603 3526 duobus

329 3558 472 3622 versibus
485 3573 585 3621 nuum
600 3553 748 3619 exhibeat
762 3553 893 3618 elisione
908 3557 1064 3636 allectum,
1075 3557 1203 3622 Ovidius
1212 3553 1352 3640 quinque
1367 3577 1385 3622 e
1398 3577 1451 3622 ser
1462 3560 1603 3623 versibus

329 3659 398 3720 sine
423 3655 553 3720 elisione
577 3651 703 3735 scribat,
728 3653 970 3718 Prudentinsin
991 3655 1158 3736 Apotheosi
1184 3675 1255 3737 quae
1284 3676 1322 3722 er
1356 3656 1604 3724 td8t'verstous

330 3761 459 3830 constat,
475 3754 621 3819 elisiones
643 3754 736 3817 habet
752 3754 821 3826 2tt,
838 3753 957 3816 seilicet
975 3771 1014 3817 ex
1029 3763 1162 3834 quatuor
1175 3758 1318 3821 versibus
1332 3775 1431 3822 unum
1454 3774 1525 3823 oum
1547 3756 1603 3820 eli-

329 3854 427 3918 sione.
444 3853 621 3919 Notandum
636 3851 837 3934 dpotheosim
851 3850 955 3933 plures
970 3851 1116 3918 elisiones
1130 3872 1223 3935 quam
1239 3855 1402 3936 quodlibet
1422 3856 1509 3921 aliud
1530 3856 1603 3919 Pru·

330 3953 512 4016 dentianum
530 3968 640 4034 poema
659 3949 831 4026 continere,
844 3969 915 4015 oum
933 3952 1078 4017 elisiones
1093 3956 1175 4036 apud
1189 3954 1392 4020 Prudentium
1407 3955 1512 4037 plnres
1526 3955 1603 4019 dam

329 4060 363 4114 ut
384 4049 593 4114 controversia
617 4049 662 4128 dt,
689 4056 720 4111 et
737 4050 1010 4132 concertatorinm,
1031 4053 1061 4115 id
1081 4059 1127 4116 est
1144 4053 1333 4135 prosaicum,
1355 4053 1479 4118 dicendi
1506 4069 1603 4133 genus

329 4149 494 4213 intercedit
500 4169 509 4226 ;
526 4148 617 4212 sicin
632 4147 798 4229 Apotheosi
814 4149 970 4230 praecipue
986 4150 1024 4214 ad
1038 4151 1134 4214 finem
1149 4153 1232 4232 (ride
1248 4153 1306 4216 780
1322 4154 1358 4217 ad
1374 4152 1445 4229 909)
1463 4158 1475 4234 (
1491 4157 1514 4233 ).

369 4237 591 4329 1,)νίοΐνειέιιε
603 4246 703 4310 multo
717 4246 879 4327 pauciores
893 4247 1040 4311 elisiones
1054 4249 1226 4312 continent.
1244 4251 1395 4315 Omnibus
1409 4251 1601 4331 Hymnorurn

328 4346 566 4410 Cathemerinon
581 4343 723 4408 versibus
737 4345 907 4420 recensitis,
924 4345 977 4426 qui
990 4353 1063 4409 sunt
1074 4364 1206 4412 numero
1220 4349 1308 4431 t780,
1321 4357 1442 4413 tantum
1455 4349 1602 4413 elisiones

327 4445 462 4525 reperies
475 4444 526 4522 85,
542 4443 573 4506 id
587 4449 632 4506 est
644 4460 700 4523 pro
714 4442 824 4523 viginti
840 4443 981 4507 versibus
997 4461 1102 4508 unam.

357 4677 386 4742 (¹)
397 4678 522 4728 Ceterum
534 4675 711 4740 Apotheosim
723 4675 792 4740 elegi
805 4676 945 4726 materiem
958 4676 1143 4740 discussionis,
1157 4679 1229 4744 quod
1241 4679 1276 4731 ed
1288 4680 1415 4732 elisiones
1427 4683 1453 4734 in
1471 4684 1598 4736 hexame-

326 4758 376 4808 tris
387 4758 494 4820 attinet,
507 4757 572 4821 quin
584 4756 705 4807 omnium
717 4769 829 4821 operum
840 4755 1095 4820 prudentionorum
1113 4759 1185 4824 quod
1202 4759 1237 4810 ed
1254 4761 1397 4814 metricam
1415 4776 1472 4814 rem
1489 4767 1598 4826 attinet,

325 4843 356 4892 ut
368 4852 400 4888 ex
411 4837 534 4904 sequenti
547 4837 618 4887 omni
632 4836 826 4888 commentario
838 4837 1013 4888 menifestum
1026 4838 1081 4900 fiet,
1093 4840 1210 4890 maximo
1222 4837 1338 4892 laborat.
