3640 5670
737 1211 897 1406 canuc
934 1283 1139 1374 sunnon

477 1521 541 1592 De
561 1523 718 1608 linqua
741 1522 915 1608 poetica
938 1523 1059 1609 apud
1083 1523 1391 1593 Prudentium.

855 1756 1013 1768 *ι-

342 2007 409 2069 Non
430 2023 504 2070 sane
523 2007 700 2070 mirandum
721 2015 767 2071 est
789 2007 880 2088 quod,
906 2014 1038 2088 quatuor
1058 2007 1169 2070 seculis
1191 2005 1322 2085 effluxis,
1344 2005 1461 2070 Horatii
1478 2007 1575 2086 Virgi-

301 2101 396 2184 liique
416 2105 542 2185 ingenio
561 2108 662 2185 poesis
684 2107 804 2170 exculta
827 2105 952 2186 paulum
974 2108 1131 2168 immutata
1155 2104 1334 2185 pervenerit
1355 2106 1391 2167 ad
1416 2105 1575 2168 Prudentii

298 2208 438 2266 aetatem.
456 2204 555 2266 Minus
571 2212 602 2265 et
616 2205 721 2267 mirari
738 2203 827 2267 decet
841 2205 1021 2284 quodpoeta
1038 2205 1223 2266 christianus
1239 2204 1276 2266 de
1293 2203 1467 2266 christianis
1483 2205 1575 2266 rebus

299 2301 432 2378 locutus,
449 2317 512 2364 non
528 2302 650 2364 sincero
666 2303 790 2381 optimae
809 2303 906 2365 aetatis
922 2319 1065 2364 sermone
1081 2319 1154 2364 usus
1175 2301 1279 2363 luerit.
1295 2301 1411 2376 Quibus
1426 2301 1575 2380 angustiis

305 2399 423 2473 baereat
437 2408 555 2476 noster,
568 2417 637 2463 cum
653 2407 845 2480 repugnante
865 2407 917 2463 aut
937 2401 1101 2462 deficiente
1120 2417 1275 2478 sermone,
1289 2402 1462 2478 argumenti
1479 2401 1576 2479 cujus·

305 2497 375 2582 dam
392 2498 560 2561 novitatem
575 2506 733 2562 tractatam
750 2501 903 2562 nitescere
918 2515 1009 2578 posse
1024 2499 1088 2562 lere
1104 2499 1260 2578 desperat,
1278 2515 1314 2560 er
1330 2500 1392 2561 hoc
1403 2498 1576 2575 intelligere

301 2597 411 2675 possis.
429 2597 462 2660 ln
479 2598 719 2676 Psgcbomoclu‘o
733 2599 864 2661 virtutes
885 2605 915 2660 et
930 2599 1001 2660 vitia
1024 2597 1184 2677 congredi,
1200 2605 1233 2660 ut
1253 2602 1282 2658 te
1293 2605 1364 2660 'non
1384 2596 1473 2676 lngit,
1487 2605 1576 2678 poeta

301 2694 404 2774 fingit,
428 2703 459 2758 et
476 2697 580 2776 specie
601 2696 687 2760 velut
706 2699 932 2760 Amazonarum
951 2696 1069 2774 induta,
1092 2713 1202 2759 manus
1226 2712 1400 2760 conserere.
1424 2697 1578 2759 Bellantes

298 2810 375 2858 vero
391 2811 431 2858 nc
448 2795 581 2874 propriis
597 2795 720 2875 quidem
737 2796 915 2860 nominibus
930 2795 1086 2874 appellare
1102 2795 1195 2873 valet,
1212 2801 1243 2857 et
1257 2793 1431 2874 periphrasi
1446 2812 1513 2874 quae
1529 2795 1580 2858 rix

301 2892 469 2957 ridiculum
485 2893 622 2973 effugiat,
639 2895 823 2974 implicatur.
842 2895 966 2958 Scilicet
989 2893 1459 2958 ‹Votemrm-Coltoro-Dcorom»
1481 2894 1579 2956 inlen-

299 2991 342 3054 sis
360 2991 455 3054 armis
475 2992 576 3070 irruit,
593 2993 680 3072 cnjus
694 2993 841 3073 viraginis
864 3011 976 3057 nomen
999 2999 1124 3072 stupere
1144 2993 1199 3056 tibi
1221 2993 1303 3056 licet.
1326 2993 1433 3056 Latine
1450 2993 1579 3079 uerbum

305 3115 316 3148 ι
332 3091 520 3154 Humilitas»
543 3109 604 3154 non
622 3092 828 3155 Christianam
841 3093 986 3155 virtutem
1001 3092 1153 3170 significat
1167 3109 1259 3170 quarn
1275 3091 1334 3154 boc
1346 3091 1472 3154 nomine
1489 3091 1579 3170 vulgo

298 3192 483 3254 vocitamus.
501 3187 590 3253 Parvi
608 3198 710 3253 tamen
728 3192 833 3254 refert.
852 3191 892 3256 ils
908 3191 1079 3254 humanum
1095 3191 1263 3254 Humilitus
1278 3191 1402 3268 induat;
1419 3207 1483 3254 non
1500 3208 1580 3265 agre

300 3290 378 3368 lero,
392 3290 578 3368 veniamque
590 3300 689 3368 poetae
703 3280 804 3353 libe'ns
817 3291 964 3353 concedo.
978 3292 1028 3367 nt,
1041 3306 1123 3367 cum,
1135 3290 1204 3368 lege
1217 3291 1362 3352 carminis
1374 3296 1579 3369 repugnante,

302 3405 367 3450 non
392 3389 456 3467 ipsa
485 3387 647 3450 Humililas
673 3390 729 3452 sub
754 3390 847 3450 armis
873 3394 1011 3468 apparet,
1039 3388 1093 3449 sed
1116 3389 1184 3466 ejus
1207 3389 1275 3450 vice
1301 3388 1440 3466 iungitur
1468 3389 1580 3452 «Mens

305 3487 463 3549 bannilis»
495 3501 606 3548 novam
629 3487 878 3563 abstractionem,
909 3505 978 3567 quae
1003 3485 1132 3549 alteram
1157 3487 1291 3566 supplet,
1318 3486 1439 3549 animus
1467 3487 1581 3548 fastidit

301 3585 450 3664 legentis.
481 3586 532 3649 Sic
562 3601 634 3648 ecce
660 3586 768 3665 surgit,
795 3603 872 3648 nova
900 3587 1038 3663 Camilla,
1065 3583 1230 3648 Sobrietas.
1256 3585 1350 3660 Quam
1378 3603 1471 3648 «carm
1494 3603 1581 3646 corso

308 3685 406 3747 dicere
420 3701 482 3748 non
496 3687 562 3746 sit»
584 3684 620 3747 ad
636 3685 749 3748 mirum
769 3685 920 3763 quoddam
940 3684 1129 3765 periphrasis
1149 3699 1248 3762 genus
1268 3691 1357 3764 poeta
1380 3684 1526 3761 confugit,
1551 3691 1581 3745 et

309 3799 377 3845 eam
402 3783 542 3846 nominat
572 3801 684 3862 «quom
710 3791 879 3846 memorant
902 3784 1024 3864 scarpi.»
1056 3783 1178 3861 (Psycb.
1198 3782 1283 3863 but).
1308 3782 1395 3845 Haud
1420 3798 1501 3862 aegre
1526 3783 1579 3845 tibi

310 3883 429 3960 fingere
462 3890 549 3962 potes
571 3899 662 3962 quam
685 3885 715 3944 in
738 3882 855 3961 proeliis
878 3897 1043 3961 personam
1064 3888 1161 3959 gerat,
1187 3889 1217 3942 et
1242 3899 1333 3962 quam
1354 3881 1446 3944 alacri
1465 3882 1582 3944 feratur

307 3981 424 4061 impetu
449 3981 508 4043 boo
530 3982 657 4043 nomine
677 3997 862 4060 gravescens
878 3979 1030 4043 bellatrix.
1052 3978 1123 4057 Sed,
1141 3996 1179 4042 ne
1199 3981 1231 4042 ln
1247 3981 1461 4044 communibus
1476 3979 1581 4042 immo-

302 4095 366 4157 rer,
388 4078 425 4142 ad
447 4079 566 4158 singula
590 4080 786 4157 exsequenda
805 4080 869 4158 Jam
884 4079 1007 4141 festino.

306 4179 317 4208 b

622 4285 637 4367 5
654 4287 676 4348 l.
694 4321 733 4330 -
747 4287 790 4348 Dc
804 4285 938 4366 Syotoet
952 4286 1032 4366 uprrd
1051 4286 1260 4349 Prudentiom.

344 4473 510 4537 Ordinatio
526 4481 558 4534 et
572 4473 761 4536 constructio
776 4473 944 4537 verborum
965 4490 1021 4553 qua
1045 4474 1232 4538 Prudentius
1247 4490 1322 4537 usus
1338 4479 1385 4534 est
1403 4471 1585 4552 plerumque

307 4571 400 4650 longe
432 4571 556 4645 rectior,
577 4572 728 4633 sincerior
754 4572 947 4634 emendatior
972 4581 1018 4634 est
1044 4589 1133 4652 quam
1161 4572 1240 4651 apud
1266 4587 1374 4634 omnes
1400 4570 1586 4633 christianos

309 4672 450 4750 ejusdem
468 4672 566 4733 aetatis
581 4679 697 4750 poetas.
710 4671 740 4733 Si
757 4671 805 4731 rel
822 4671 981 4748 paululum
998 4673 1138 4734 conteras
1151 4688 1219 4734 curn
1237 4671 1452 4733 Prudentianis
1468 4687 1501 4732 ea
1519 4687 1587 4748 qnae

309 4770 367 4833 sub
396 4769 573 4833 nominibus
599 4770 764 4844 Ambrosii,
787 4769 918 4845 Damasi,
943 4769 1048 4831 Hilarii
1073 4771 1162 4832 nobis
1190 4768 1299 4831 tradita
1326 4775 1411 4847 sunt,
1431 4769 1482 4830 tibi
1496 4769 1588 4847 plane

317 4869 514 4934 manifestum
536 4869 595 4931 erit
617 4868 795 4931 incubuisse
816 4868 949 4930 marimo
968 4869 1170 4932 Prudentiom
1191 4867 1292 4931 studio
1312 4875 1345 4931 ut
1364 4867 1471 4946 optimi
1492 4864 1589 4929 seculi
