3640 5670
778 523 979 604 -11-1

232 647 296 695 111
312 632 374 697 Vlll
396 637 617 718 11111(11),111
639 639 882 720 Peristephanon
898 639 936 701 111
954 627 1158 716 11·11(21,81,
1175 637 1238 716 87),
1260 635 1292 699 11
1312 638 1502 721 Peristepha-

230 747 293 794 nou
308 733 347 795 Xl
362 740 423 798 tres
439 737 523 816 (125,
543 738 611 816 191,
624 739 705 818 325),
723 739 755 801 11
772 737 945 802 Dittochoeo
960 739 979 800 8
994 737 1058 817 (12,
1073 735 1125 814 29,
1136 735 1187 816 36,
1200 737 1250 815 66,
1265 737 1333 816 116,
1351 737 1501 819 113,161,

233 829 315 910 187),
331 831 363 894 111
379 834 493 915 Apoth.
510 837 627 917 praelat.
642 836 746 916 unus(
768 838 790 918 ).

274 929 407 1003 Quintus
429 935 600 998 hexametri
622 952 688 1017 pes,
703 942 738 999 ut
753 937 831 1016 apud
846 952 966 1014 omues,
982 938 1064 1017 apud
1078 935 1280 999 Prudentium
1300 928 1363 1000 lere
1382 953 1503 1019 semper

229 1032 348 1112 dactylo
365 1032 529 1096 addicitur.
546 1033 657 1098 Notavi
673 1035 754 1116 apud
769 1034 973 1097 Prudentium
987 1034 1026 1097 23
1042 1040 1162 1098 tantum
1180 1033 1233 1114 qui
1253 1034 1400 1100 dicuntur
1414 1054 1503 1118 spon-

228 1131 308 1196 diaci
333 1147 451 1195 versus.
477 1131 614 1206 Quorum
637 1149 787 1196 numerus
805 1149 935 1211 maguus
960 1132 1119 1196 videbitur
1139 1131 1163 1194 si
1186 1133 1328 1207 Statium,
1350 1134 1499 1208 Persium,

228 1246 398 1309 omnesque
412 1239 483 1309 post
497 1247 624 1295 auream
640 1237 762 1294 aetatem
776 1230 830 1310 qui
850 1231 1039 1312 scripserunt
1060 1237 1165 1312 poetas
1179 1231 1361 1311 respexeris,
1379 1249 1442 1296 non
1459 1235 1501 1300 111

227 1328 387 1406 molestus,
402 1329 442 1406 si,
458 1346 521 1392 non
541 1329 702 1392 Horatium
719 1329 875 1408 equidem,
893 1331 947 1392 sed
962 1328 1138 1408 Virgilium,
1154 1328 1311 1404 Ovidium,
1328 1331 1501 1412 repetieris,

227 1426 527 1506 nedanatullunr,
553 1428 701 1492 Ennium.
729 1428 806 1490 Cum
832 1434 862 1490 et
886 1427 965 1491 inira
989 1428 1058 1506 hos,
1080 1426 1160 1490 ultra
1185 1445 1249 1492 suae
1273 1428 1372 1491 aetatis
1397 1437 1501 1509 poetas
1560 1449 1562 1455 ·

226 1527 410 1604 processerit
430 1525 487 1588 hac
506 1523 539 1588 in
566 1542 599 1588 re
620 1525 818 1604 Prudentius,
842 1524 1361 1606 1111111111111111111111111
1382 1543 1501 1590 morem

225 1621 407 1686 restituisse.
423 1624 580 1702 Ceterum,
603 1623 721 1688 Horatii
738 1624 775 1686 ad
798 1623 964 1703 exemplar,
982 1623 1086 1702 lyricis
1101 1623 1133 1685 in
1151 1622 1342 1686 carminibus
1356 1626 1501 1705 spondia-

224 1737 294 1782 cum
314 1721 453 1784 exaravit
471 1738 595 1784 versum
617 1722 752 1786 nullum.
777 1721 856 1786 Sunt
877 1721 1038 1802 spondiaci
1064 1721 1234 1784 hexametri
1251 1722 1283 1782 in
1300 1721 1500 1802 Apotheosit

225 1818 309 1897 (266,
331 1818 404 1897 817,
426 1819 496 1896 861,
523 1819 624 1900 1638),
649 1820 681 1881 in
705 1820 970 1898 HamartigeniaS
992 1818 1498 1909 (11,111,111,111,111,111,

224 1916 294 1995 722,
309 1917 394 1998 859),
410 1917 442 1979 in
458 1918 696 1997 psychomachia
712 1919 774 1981 duo
783 1918 939 1998 (98191),
957 1917 988 1981 in
1004 1918 1117 1981 Contra
1132 1917 1350 1996 Symmachum
1366 1925 1499 1999 utroque

223 2013 303 2078 libro
317 2015 336 2078 9
351 2017 414 2096 (13,
433 2016 501 2094 111,
520 2016 588 2092 189,
604 2017 679 2089 198;
693 2053 732 2062 -
746 2017 818 2094 267,
834 2016 905 2095 361,
917 2017 987 2090 566,
1004 2017 1073 2091 816,
1090 2017 1175 2095 ela).

261 2112 526 2186 Quemadmodum
541 2121 572 2178 et
599 2132 692 2194 quem
707 2116 852 2178 adfinem
863 2115 1050 2179 Prudentius
1070 2113 1245 2196 spondiacis
1263 2115 1405 2179 versibus
1424 2134 1497 2181 usus

222 2211 768 2288 1111111111111111111.01111111
786 2231 844 2276 usu
856 2230 930 2286 rere
951 2215 1044 2276 11111
1063 2214 1097 2275 in
1112 2213 1216 2277 animo
1237 2214 1353 2277 habere
1372 2216 1496 2279 videtur

222 2309 345 2374 nullum
359 2311 553 2392 plerumque.
576 2313 634 2377 Vix
657 2318 791 2392 quatuor
807 2312 991 2394 spondiacos
1010 2328 1118 2375 versus
1132 2313 1255 2392 reperio
1270 2313 1495 2394 prudentianos

220 2403 274 2489 111
289 2410 327 2474 11
342 2409 460 2489 aliquid
477 2411 669 2491 pingendum
690 2411 740 2474 rel
766 2412 906 2476 animum
925 2409 1074 2475 audituris
1099 2427 1225 2491 quoquo
1249 2412 1342 2475 modo
1358 2428 1495 2476 commu-

220 2508 357 2572 rendum
372 2508 511 2589 dispositi
527 2508 600 2571 sint.
617 2509 699 2582 Quos
714 2509 766 2572 hic
780 2525 919 2573 memoro
934 2529 941 2570 :

412 2657 469 2718 Nec
483 2679 542 2717 non
555 2667 584 2717 et
598 2665 730 2730 querulis
742 2665 893 2718 balatibus
907 2664 1049 2717 inritatus

409 2754 513 2807 Plenas
527 2757 611 2806 noete
622 2755 710 2818 lupus
721 2753 837 2807 studuit
850 2755 1037 2829 perrumpere
1051 2753 1160 2806 caulas.
1178 2750 1277 2823 (Ham.
1294 2751 1370 2824 222.)
1447 2801 1449 2805 ,

409 2853 492 2906 Nunc
507 2853 584 2905 inter
598 2853 667 2906 vitae
681 2853 835 2905 dominnm
848 2853 1010 2918 mortisque
1024 2853 1204 2918 magistrum

408 2941 551 2995 Consistit
564 2942 679 2994 medius
690 2962 695 3008 3
707 2946 791 2995 vocat
805 2943 875 2994 hinc
887 2945 975 3024 Dens,
991 2943 1059 2994 inde
1072 2946 1219 3007 tyrannus

409 3032 604 3099 Ambiguum,
618 3035 707 3096 atque
719 3031 783 3083 suis
796 3043 827 3082 se
837 3031 970 3083 motibus
982 3031 1190 3084 alternantem.
1204 3025 1306 3098 (Ham.
1321 3029 1398 3101 722.)

408 3129 527 3182 Ditibus
541 3135 570 3183 et
583 3131 672 3195 longo
684 3129 871 3183 fumantibus
886 3131 1053 3182 intervallo.
1068 3125 1171 3199 (Ham.
1184 3126 1260 3198 859.)
1328 3122 1331 3128 ’

407 3228 536 3294 Spiritus
549 3230 612 3294 ipse
623 3241 708 3282 meus
720 3229 872 3282 deseendit
884 3231 914 3281 ot
927 3228 1006 3282 edita
1018 3228 1089 3280 limo

407 3318 526 3372 Viscera
537 3319 647 3372 divinis
661 3318 823 3372 virtutibus
836 3318 1017 3372 informavit.
1035 3314 1080 3383 (G.
1095 3315 1127 3372 S.
1142 3321 1178 3386 11,
1194 3316 1268 3385 267.)

253 3459 292 3522 At
306 3458 490 3541 plerumque
504 3459 672 3540 spondiaco
688 3475 781 3523 versu
795 3459 982 3523 Prudentius
995 3458 1106 3538 utitur,
1125 3477 1188 3524 non
1208 3466 1321 3524 statuto
1340 3461 1415 3540 line,
1434 3462 1489 3524 sed

214 3555 373 3620 licentiam
385 3574 536 3638 usurpans
547 3575 617 3638 quae
628 3558 822 3635 conceditur,
837 3559 912 3620 dum
920 3556 1074 3637 pudenter
1084 3565 1234 3621 sumatur.
1249 3561 1406 3636 Attamen,
1417 3576 1487 3622 uum

214 3656 273 3720 hoc
286 3657 380 3719 modo
393 3673 426 3720 se
440 3656 531 3735 gerit,
548 3673 660 3719 carens
675 3655 858 3738 plerumque
874 3671 913 3718 ne
933 3656 1098 3736 spondaeus
1112 3655 1226 3734 duplex
1242 3655 1376 3720 nimium
1394 3655 1487 3721 hexa-

212 3760 347 3819 metrum
365 3760 485 3835 gravet,
510 3765 597 3818 curat
615 3761 650 3818 ut
670 3753 772 3834 gravis
791 3769 899 3816 versus
917 3754 989 3816 iinis
1011 3752 1183 3818 mobilitate
1203 3758 1233 3815 et
1253 3754 1378 3818 levitate
1403 3753 1486 3817 initii

212 3859 370 3935 pensetur,
392 3854 434 3917 111
449 3853 596 3936 equidem
607 3863 641 3918 ut
654 3854 796 3935 plerique
808 3853 967 3916 Prudentii
983 3853 1142 3934 spondiaci
1158 3869 1266 3916 versus
1281 3853 1363 3915 inter
1377 3853 1489 3916 citissi-

213 3969 279 4016 mus
303 3952 527 4036 prudentianos
557 3953 752 4015 hexametros
778 3951 937 4016 numerari
967 3951 1111 4014 debeant.
1137 3950 1206 4014 Non
1228 3951 1325 4015 semel
1352 3959 1487 4031 quatuor

214 4051 350 4132 dactylos
364 4051 480 4134 duplici
495 4053 642 4132 spondaeo
656 4049 830 4133 praeponit:
1444 4043 1446 4048 ’

408 4207 472 4259 Una
485 4205 645 4271 eademque
657 4208 758 4257 tamen
772 4207 836 4258 rota
849 4203 953 4257 sideris
965 4203 1143 4257 indiscretis.
1161 4201 1260 4270 (Ham.
1276 4201 1334 4273 76.)

406 4306 447 4358 Ac
460 4305 542 4357 velut
555 4303 678 4358 artificis
691 4303 804 4356 domini
816 4316 925 4374 manus
938 4301 1151 4367 imperfectum.
1167 4299 1268 4372 (Hunc.
1285 4300 1361 4371 267.)

252 4455 426 4538 sepissime
443 4461 504 4519 tres
519 4454 654 4534 dactylos
664 4453 819 4536 praeponit
826 4475 834 4530 3
852 4453 1007 4518 vidimus:

407 4613 590 4678 Ambiguum
604 4615 692 4676 atque
705 4611 769 4664 suis
783 4624 814 4663 se
827 4611 958 4664 motibus
970 4602 1177 4664 alternantem.
1192 4607 1296 4680 (Hom.
1310 4607 1383 4680 722.)

252 4743 338 4806 Adde
353 4761 360 4804 :

314 4897 316 4910 ·
404 4869 487 4924 Ultra
501 4871 680 4935 principium
691 4871 768 4922 Deus
781 4871 874 4933 egerit
887 4873 940 4922 aut
954 4882 1010 4934 qno
1023 4871 1116 4934 paeto.
1134 4865 1256 4939 (Apoth.
1271 4866 1346 4938 266.)
