3640 5670
881 463 1072 527 --rs-

355 581 467 653 suavis,
493 577 575 642 nulla
601 577 770 642 imitatione
795 578 972 660 adjuvante,
998 586 1060 645 tota
1089 597 1128 644 ex
1153 579 1279 659 iugenio
1310 587 1342 644 ot
1366 579 1495 644 caritate
1527 587 1627 662 pootae

356 678 492 757 erumpit
509 699 516 740 :

709 775 834 846 Salvete,
850 781 935 834 fiores
948 785 1126 850 martyrum,

708 869 786 932 Quos
800 870 875 923 lucis
888 871 951 935 ipso
964 872 995 924 in
1009 871 1112 924 limine

707 958 816 1012 Christi
829 959 978 1013 insecutor
990 961 1127 1028 sustulit,

707 1047 766 1099 ceu
779 1047 868 1100 turbo
880 1052 1034 1101 noscentes
1047 1061 1130 1102 rosas
1143 1067 1150 1114 ;

705 1187 763 1239 Vos
775 1187 870 1252 prima
882 1187 993 1242 Christi
1005 1189 1136 1256 victima,

704 1276 782 1328 Grex
795 1277 1016 1330 immolatorum
1029 1281 1127 1332 tener·

680 1370 682 1376 ’
705 1367 795 1418 Aram
807 1369 876 1420 autc
889 1366 984 1431 ipsam
997 1365 1148 1430 simplices

705 1454 806 1507 Palma
818 1458 846 1508 et
859 1468 965 1508 corona
977 1455 1090 1508 luditis,
1105 1453 1204 1526 (Cato.
1220 1458 1283 1528 XII,
1298 1454 1360 1528 181)
1374 1453 1407 1527 (¹)

393 1609 464 1671 Haec
479 1615 526 1670 est
538 1623 612 1671 vere
626 1607 762 1687 propria,
778 1608 924 1686 genuina,
941 1624 1025 1672 mera
1045 1607 1206 1671 Prudentii
1220 1625 1270 1672 ars
1289 1607 1481 1673 inveniendi.
1500 1608 1624 1673 Adden-

352 1706 437 1784 dum,
453 1707 557 1795 oredo,
573 1707 655 1786 quod
670 1706 708 1769 ad
723 1709 892 1785 ooptohubv
907 1723 1005 1786 genus
1019 1706 1140 1780 attinet,
1158 1707 1239 1787 quod
1257 1707 1334 1770 mihi
1348 1707 1472 1770 videtur
1489 1723 1550 1769 non
1567 1723 1625 1786 per

352 1811 450 1868 artem
464 1804 663 1886 exquisitum,
674 1805 728 1869 sed
743 1805 867 1886 proprie
884 1822 900 1867 e
916 1805 1074 1870 Prudentii
1089 1805 1230 1869 sensibus
1245 1813 1399 1869 constare.
1412 1805 1509 1869 Pauca
1525 1804 1622 1882 enim,

352 1913 386 1967 ut
400 1905 463 1984 jam
485 1903 557 1980 dixi,
588 1904 680 1984 buius
712 1907 836 1984 generis
862 1905 1002 1984 exempla
1031 1911 1132 1982 erant,
1162 1909 1193 1968 et
1215 1905 1266 1968 vix
1287 1914 1405 1984 aperta.
1427 1901 1623 1968 Ambrosiani

351 2003 458 2082 hymni
479 2003 625 2083 allegoria
640 2009 782 2080 utuntur,
799 2002 853 2066 sed
876 2019 944 2066 raro
966 2009 997 2065 et
1019 2019 1123 2084 parce,
1139 2002 1181 2066 ita
1205 2010 1238 2066 ut
1260 2019 1329 2067 eam
1350 2003 1507 2067 interdum
1523 2001 1625 2081 potius

350 2102 458 2164 videre
479 2109 623 2183 putemus
638 2119 730 2182 rpuam
744 2101 903 2164 videamus
919 2101 967 2183 (ἲ).
987 2102 1103 2166 Eadem
1118 2102 1247 2166 dicenda
1269 2103 1307 2165 de
1331 2101 1363 2165 S.
1380 2101 1488 2165 Hilarii
1503 2100 1625 2180 hymnis

351 2198 429 2277 (sivo
444 2199 631 2263 carminibus
646 2216 714 2280 quae
730 2198 837 2262 Hilarii
853 2201 911 2262 sub
926 2200 1052 2263 nomine
1068 2200 1189 2279 vulgata
1204 2201 1301 2280 sunt).
1318 2199 1407 2279 Apud
1423 2198 1624 2264 Prudentium

352 2305 457 2361 contra
480 2298 625 2378 allegoria
653 2315 716 2361 non
744 2299 886 2376 obscura,
909 2299 964 2360 sed
992 2315 1139 2378 expresse
1160 2299 1191 2362 in
1213 2299 1316 2362 lucem
1337 2299 1486 2380 proheta,
1510 2297 1622 2376 ampla,

349 2397 479 2476 pollens.
506 2397 592 2459 Adde
616 2403 648 2460 et
667 2397 753 2477 quasi
779 2397 893 2459 innata.
913 2397 1179 2477 Prudentiiopera
1206 2397 1329 2461 assidue
1353 2396 1471 2476 legenti
1497 2405 1624 2476 apparet

349 2496 526 2575 allegoriam
541 2511 603 2558 non
628 2497 702 2560 antis
727 2495 949 2576 industriaeque
977 2497 1229 2574 instrumentum,
1256 2498 1310 2560 sed
1336 2496 1413 2559 nibil
1430 2495 1513 2559 aliud
1531 2495 1622 2558 luisse

350 2602 449 2673 poetae
471 2594 530 2656 nisi
553 2601 672 2658 suetam
700 2595 863 2658 sententiae
890 2594 1043 2658 rationem
1065 2600 1096 2656 et
1116 2595 1301 2658 familiarem
1327 2597 1441 2657 mentis
1471 2594 1620 2659 habitum.

349 2693 424 2755 lude
445 2693 682 2774 Psychomachia
701 2694 812 2770 omnis,
837 2692 909 2755 inde
931 2693 1170 2758 Cathemerinon
1194 2693 1345 2774 plerique.
1369 2692 1457 2767 Quod
1478 2694 1517 2756 ad
1538 2702 1621 2755 recte

351 2791 586 2871 intelligendum
606 2794 638 2855 in
660 2795 841 2856 memoriam
856 2809 967 2856 revoca
982 2791 1222 2858 Cathemerinon
1237 2793 1384 2874 primum,
1403 2793 1453 2856 ubi
1474 2809 1534 2856 nox
1553 2809 1623 2873 pec·

351 2896 463 2968 catum,
494 2908 576 2954 mors
609 2891 837 2954 damnationem
871 2891 1041 2970 siguificat3
1074 2890 1313 2955 Cathemerinon
1349 2891 1534 2970 secundum,
1570 2890 1622 2954 ubi

349 2989 568 3068 intelligendus
590 3001 636 3053 est
657 2991 798 3053 Christus
823 2997 949 3070 pectora
977 2989 1137 3053 hominum
1162 2991 1331 3070 illustrans,
1358 2991 1415 3054 sub
1435 2991 1496 3053 diei
1520 2988 1622 3069 specie

348 3089 454 3150 orbem
469 3105 486 3150 e
501 3089 638 3152 tenebris
665 3089 826 3168 eripientis
833 3109 842 3166 ;
858 3085 1107 3152 Cathemerinon
1118 3095 1262 3169 quartum
1277 3090 1329 3154 ubi
1352 3088 1461 3152 Daniel
1480 3089 1622 3152 leonibus

349 3188 465 3249 circum
480 3187 674 3267 reptantibus
689 3185 887 3264 describitur,
903 3186 1023 3249 scilicet
1038 3185 1138 3250 fidelis
1154 3188 1275 3250 animus
1290 3187 1406 3251 medias
1419 3187 1499 3251 iuter
1514 3187 1623 3250 daemo-

349 3302 423 3347 num
446 3285 573 3348 insidias
597 3286 768 3366 impavidus
791 3293 821 3348 et
842 3285 991 3366 propositi
1008 3292 1099 3349 tenax
1108 3306 1117 3363 3
1134 3287 1376 3368 Peristephanon
1399 3292 1553 3366 quartum,
1569 3284 1621 3348 ubi

349 3384 428 3446 dona
450 3384 554 3446 lerunt
573 3384 728 3463 Hispaniae
751 3386 855 3461 urbes,
876 3400 944 3446 ossa
967 3391 1138 3465 martyrum
1159 3385 1190 3448 in
1214 3384 1354 3450 canistris
1375 3385 1567 3465 composita:
1590 3384 1621 3446 in

349 3482 458 3561 quibus
479 3481 622 3546 omnibus
645 3490 706 3545 tam
728 3490 813 3545 arcto
834 3498 917 3544 nexu
939 3481 1084 3561 allegoria
1105 3499 1175 3546 cum
1197 3500 1292 3547 sensu
1312 3484 1458 3559 vincitur,
1475 3491 1538 3546 tam
1552 3489 1622 3562 apte

345 3581 454 3658 haeret,
471 3589 504 3644 ut
522 3571 604 3660 [egre
626 3581 708 3644 illam
723 3598 761 3643 ex
776 3582 834 3643 hoc
855 3598 1016 3644 semovere
1030 3583 1145 3662 possis;
1162 3583 1258 3661 unde,
1282 3582 1387 3660 credo,
1411 3581 1618 3662 colligendum

346 3680 533 3744 sententiam
547 3697 617 3744 cum
637 3679 782 3759 allegoria
804 3697 866 3743 uno
888 3688 990 3759 partu,
1007 3688 1160 3760 conceptu
1175 3681 1343 3760 communi,
1360 3680 1446 3744 nulla
1469 3681 1619 3744 industria

347 3786 400 3841 aut
410 3779 540 3843 artificio
556 3779 704 3858 adhibito,
717 3795 734 3842 e
747 3788 845 3860 poetae
861 3779 987 3858 ingenio
1002 3788 1125 3842 exortas
1140 3795 1222 3844 csse.

385 3878 428 3940 De
443 3877 566 3958 propria
582 3875 743 3959 Prudentii
756 3877 937 3940 inventione
952 3877 1113 3941 hactenus.
1123 3876 1197 3951 Quae
1208 3877 1308 3941 omnis
1320 3876 1446 3960 (praeter
1461 3876 1621 3956 ingenium

346 3974 501 4053 innatum)
514 3992 531 4037 e
546 3975 688 4054 religiosa
714 3976 774 4039 tide
792 3976 918 4055 pendet.
935 3976 1008 4051 Quae
1027 3977 1058 4039 in
1077 3975 1245 4040 Prudentio
1265 3993 1328 4040 non
1348 3977 1468 4040 sincera
1485 3983 1618 4052 tantum,

344 4074 399 4136 sed
413 4071 527 4136 mirum
542 4071 574 4135 in
594 4074 719 4137 modum
734 4076 853 4153 vigens,
870 4075 960 4153 acris,
978 4076 1153 4154 incorrupta
1171 4081 1229 4137 est.
1258 4075 1333 4138 lnde
1358 4073 1441 4138 aliud
1464 4074 1618 4156 sequitur,

346 4172 426 4252 quod
452 4171 725 4235 adinventionem
749 4173 841 4236 etiam
866 4173 1013 4254 pertinet,
1034 4173 1190 4254 quodque,
1213 4175 1238 4236 si
1263 4175 1452 4253 ignoscatur,
1474 4173 1621 4255 ficticium

344 4270 543 4333 inventionem
558 4272 753 4351 nuncupabo.
769 4272 885 4351 Nempe
899 4273 1008 4334 eximia
1024 4278 1108 4350 sunt,
1125 4272 1263 4336 ulmodo
1280 4272 1423 4351 vidimus,
1440 4274 1522 4354 apud
1539 4275 1616 4338 Pru·

344 4370 494 4443 dentium,
522 4386 590 4449 quae
622 4378 788 4450 epectore
812 4371 879 4450 ipso
905 4379 1004 4449 poetae
1027 4387 1083 4433 suo
1108 4371 1227 4450 impetu
1252 4373 1424 4453 eruperint,
1453 4373 1617 4438 sed'rara.

345 4465 529 4547 Plerumque
550 4467 683 4548 hymnus
702 4467 827 4532 aliunde
848 4467 952 4548 petitis
973 4467 1168 4532 adminiculis
1191 4469 1310 4548 nititur,
1326 4487 1395 4550 quac
1412 4472 1475 4535 iere
1491 4489 1619 4554 semper

378 4653 409 4715 (¹)
425 4653 469 4703 Cf:
483 4653 635 4706 Malberbe:
650 4653 756 4706 tarmes
767 4653 798 4705 dc
809 4652 1003 4715 Scinth'erro,
1017 4654 1127 4719 strophe
1140 4655 1178 4715 33,
1191 4669 1217 4705 v.
1231 4655 1303 4706 187...
1313 4655 1420 4717 Quanto
1431 4657 1616 4721 frigidiorem!

375 4733 406 4798 (²)
419 4733 490 4808 Vide
501 4734 638 4786 Ambrosii
650 4735 787 4800 Hymnum
799 4751 816 4798 r,
834 4736 965 4804 hymnum
980 4750 1008 4788 rx
1024 4750 1093 4802 quos
1112 4736 1286 4802 singulariter
1304 4737 1474 4798 Prudentius
1495 4741 1618 4794 inritatus

347 4818 397 4878 est,
411 4818 438 4866 et
449 4813 510 4866 vide
523 4814 566 4866 hic
579 4829 671 4881 supra,
685 4829 744 4882 cap.
759 4816 802 4868 lll.
