<?xml version="1.0" encoding="UTF-8"?>
<!DOCTYPE html PUBLIC "-//W3C//DTD XHTML 1.0 Transitional//EN"
    "http://www.w3.org/TR/xhtml1/DTD/xhtml1-transitional.dtd">
<html xmlns="http://www.w3.org/1999/xhtml" xml:lang="en" lang="en">
 <head>
  <title>
</title>
<meta http-equiv="Content-Type" content="text/html;charset=utf-8" />
  <meta name='ocr-system' content='tesseract 3.04.00' />
  <meta name='ocr-capabilities' content='ocr_page ocr_carea ocr_par ocr_line ocrx_word'/>
</head>
<body>
  <div class='ocr_page' id='page_1' title='image "./deaureliipruden00fagugoog_0096.png"; bbox 0 0 3640 5670; ppageno 0'>
   <div class='ocr_carea' id='block_1_1' title="bbox 786 464 941 526">
    <p class='ocr_par' dir='ltr' id='par_1_1' title="bbox 786 464 941 526">
     <span class='ocr_line' id='line_1_1' title="bbox 786 464 941 526; baseline -0.019 -18"><span class='ocrx_word' id='word_1_1' title='bbox 786 464 941 526; x_wconf 76' lang='grc'>..79-</span> 
     </span>
    </p>
   </div>
   <div class='ocr_carea' id='block_1_2' title="bbox 223 577 1499 1845">
    <p class='ocr_par' dir='ltr' id='par_1_2' title="bbox 223 577 1499 1845">
     <span class='ocr_line' id='line_1_2' title="bbox 224 577 1497 660; baseline 0.004 -18"><span class='ocrx_word' id='word_1_2' title='bbox 224 578 364 659; x_wconf 84' lang='lat' dir='ltr'><strong>exemplu</strong></span> <span class='ocrx_word' id='word_1_3' title='bbox 379 585 412 643; x_wconf 92' lang='lat' dir='ltr'><strong>et</strong></span> <span class='ocrx_word' id='word_1_4' title='bbox 424 577 640 644; x_wconf 73' lang='lat' dir='ltr'><strong>similitudines</strong></span> <span class='ocrx_word' id='word_1_5' title='bbox 654 584 737 644; x_wconf 86' lang='lat' dir='ltr'><strong>suut.</strong></span> <span class='ocrx_word' id='word_1_6' title='bbox 754 577 878 642; x_wconf 76' lang='lat' dir='ltr'><strong>Scilicet</strong></span> <span class='ocrx_word' id='word_1_7' title='bbox 896 577 1106 658; x_wconf 86' lang='lat' dir='ltr'><strong>jejunantium</strong></span> <span class='ocrx_word' id='word_1_8' title='bbox 1126 594 1245 644; x_wconf 90' lang='lat' dir='ltr'><strong>morem</strong></span> <span class='ocrx_word' id='word_1_9' title='bbox 1263 587 1353 660; x_wconf 91' lang='lat' dir='ltr'><strong>poeta</strong></span> <span class='ocrx_word' id='word_1_10' title='bbox 1373 581 1398 644; x_wconf 92' lang='lat' dir='ltr'><strong>si</strong></span> <span class='ocrx_word' id='word_1_11' title='bbox 1418 583 1497 647; x_wconf 90' lang='lat' dir='ltr'><strong>cele·</strong></span> 
     </span>
     <span class='ocr_line' id='line_1_3' title="bbox 224 676 1498 760; baseline 0.003 -20"><span class='ocrx_word' id='word_1_12' title='bbox 224 676 302 751; x_wconf 90' lang='lat' dir='ltr'><strong>brat,</strong></span> <span class='ocrx_word' id='word_1_13' title='bbox 332 679 425 742; x_wconf 89' lang='lat' dir='ltr'><strong>Jonas</strong></span> <span class='ocrx_word' id='word_1_14' title='bbox 442 677 588 758; x_wconf 79' lang='lat' dir='ltr'><strong>jejunans</strong></span> <span class='ocrx_word' id='word_1_15' title='bbox 616 693 690 742; x_wconf 90' lang='lat' dir='ltr'><strong>ecce</strong></span> <span class='ocrx_word' id='word_1_16' title='bbox 718 677 889 754; x_wconf 77' lang='lat' dir='ltr'><strong>inducitur,</strong></span> <span class='ocrx_word' id='word_1_17' title='bbox 918 683 950 738; x_wconf 89' lang='lat' dir='ltr'><strong>et</strong></span> <span class='ocrx_word' id='word_1_18' title='bbox 981 677 1143 741; x_wconf 80' lang='lat' dir='ltr'><strong>materiem</strong></span> <span class='ocrx_word' id='word_1_19' title='bbox 1171 678 1286 758; x_wconf 83' lang='lat' dir='ltr'><strong>hymno</strong></span> <span class='ocrx_word' id='word_1_20' title='bbox 1320 681 1498 760; x_wconf 89' lang='lat' dir='ltr'><strong>suppeditat</strong></span> 
     </span>
     <span class='ocr_line' id='line_1_4' title="bbox 226 775 1496 861; baseline 0.005 -23"><span class='ocrx_word' id='word_1_21' title='bbox 226 775 327 856; x_wconf 85' lang='lat' dir='ltr'><strong>(Ceth.</strong></span> <span class='ocrx_word' id='word_1_22' title='bbox 352 775 432 858; x_wconf 88' lang='lat' dir='ltr'><strong>Vll);</strong></span> <span class='ocrx_word' id='word_1_23' title='bbox 458 775 484 839; x_wconf 93' lang='lat' dir='ltr'><strong>si</strong></span> <span class='ocrx_word' id='word_1_24' title='bbox 509 778 672 849; x_wconf 82' lang='lat' dir='ltr'><strong>incensum</strong></span> <span class='ocrx_word' id='word_1_25' title='bbox 697 777 844 850; x_wconf 88' lang='lat' dir='ltr'><strong>lucernae,</strong></span> <span class='ocrx_word' id='word_1_26' title='bbox 870 777 984 840; x_wconf 91' lang='lat' dir='ltr'><strong>ardens</strong></span> <span class='ocrx_word' id='word_1_27' title='bbox 1008 776 1103 840; x_wconf 83' lang='lat' dir='ltr'><strong>rubus</strong></span> <span class='ocrx_word' id='word_1_28' title='bbox 1132 775 1235 858; x_wconf 85' lang='lat' dir='ltr'><strong>(Ceth.</strong></span> <span class='ocrx_word' id='word_1_29' title='bbox 1263 779 1314 858; x_wconf 89' lang='lat' dir='ltr'><strong>V);</strong></span> <span class='ocrx_word' id='word_1_30' title='bbox 1341 782 1496 861; x_wconf 83' lang='lat' dir='ltr'><strong>quemad</strong></span> 
     </span>
     <span class='ocr_line' id='line_1_5' title="bbox 224 874 1499 956; baseline 0.004 -18"><span class='ocrx_word' id='word_1_31' title='bbox 224 876 376 938; x_wconf 87' lang='lat' dir='ltr'><strong>rationem</strong></span> <span class='ocrx_word' id='word_1_32' title='bbox 390 877 554 940; x_wconf 91' lang='lat' dir='ltr'><strong>innumera</strong></span> <span class='ocrx_word' id='word_1_33' title='bbox 569 876 679 940; x_wconf 82' lang='lat' dir='ltr'><strong>reterri</strong></span> <span class='ocrx_word' id='word_1_34' title='bbox 695 883 834 956; x_wconf 89' lang='lat' dir='ltr'><strong>possunt.</strong></span> <span class='ocrx_word' id='word_1_35' title='bbox 851 875 959 940; x_wconf 85' lang='lat' dir='ltr'><strong>Omnia</strong></span> <span class='ocrx_word' id='word_1_36' title='bbox 975 882 1079 938; x_wconf 90' lang='lat' dir='ltr'><strong>autem</strong></span> <span class='ocrx_word' id='word_1_37' title='bbox 1093 874 1233 955; x_wconf 84' lang='lat' dir='ltr'><strong>exempla</strong></span> <span class='ocrx_word' id='word_1_38' title='bbox 1260 878 1326 940; x_wconf 85' lang='lat' dir='ltr'><strong>haec</strong></span> <span class='ocrx_word' id='word_1_39' title='bbox 1345 895 1362 941; x_wconf 88' lang='lat' dir='ltr'><strong>e</strong></span> <span class='ocrx_word' id='word_1_40' title='bbox 1384 881 1499 944; x_wconf 91' lang='lat' dir='ltr'><strong>sanctis</strong></span> 
     </span>
     <span class='ocr_line' id='line_1_6' title="bbox 223 972 1498 1057; baseline 0.005 -21"><span class='ocrx_word' id='word_1_41' title='bbox 223 972 310 1037; x_wconf 90' lang='lat' dir='ltr'><strong>libris</strong></span> <span class='ocrx_word' id='word_1_42' title='bbox 324 973 432 1038; x_wconf 91' lang='lat' dir='ltr'><strong>hausta</strong></span> <span class='ocrx_word' id='word_1_43' title='bbox 447 979 531 1054; x_wconf 89' lang='lat' dir='ltr'><strong>sunt,</strong></span> <span class='ocrx_word' id='word_1_44' title='bbox 546 974 629 1038; x_wconf 90' lang='lat' dir='ltr'><strong>uude</strong></span> <span class='ocrx_word' id='word_1_45' title='bbox 647 973 748 1056; x_wconf 91' lang='lat' dir='ltr'><strong>palam</strong></span> <span class='ocrx_word' id='word_1_46' title='bbox 767 981 814 1037; x_wconf 92' lang='lat' dir='ltr'><strong>est</strong></span> <span class='ocrx_word' id='word_1_47' title='bbox 834 973 1050 1037; x_wconf 87' lang='lat' dir='ltr'><strong>Prudentianae</strong></span> <span class='ocrx_word' id='word_1_48' title='bbox 1064 972 1167 1054; x_wconf 90' lang='lat' dir='ltr'><strong>poesis</strong></span> <span class='ocrx_word' id='word_1_49' title='bbox 1187 975 1366 1057; x_wconf 84' lang='lat' dir='ltr'><strong>praecipium</strong></span> <span class='ocrx_word' id='word_1_50' title='bbox 1380 977 1498 1042; x_wconf 86' lang='lat' dir='ltr'><strong>iontem</strong></span> 
     </span>
     <span class='ocr_line' id='line_1_7' title="bbox 225 1069 1496 1153; baseline 0.004 -19"><span class='ocrx_word' id='word_1_51' title='bbox 225 1069 414 1153; x_wconf 88' lang='lat' dir='ltr'><strong>Scripturam</strong></span> <span class='ocrx_word' id='word_1_52' title='bbox 428 1071 533 1136; x_wconf 85' lang='lat' dir='ltr'><strong>fuisse.</strong></span> <span class='ocrx_word' id='word_1_53' title='bbox 549 1073 625 1136; x_wconf 83' lang='lat' dir='ltr'><strong>Eam</strong></span> <span class='ocrx_word' id='word_1_54' title='bbox 640 1088 764 1135; x_wconf 92' lang='lat' dir='ltr'><strong>omnem</strong></span> <span class='ocrx_word' id='word_1_55' title='bbox 783 1072 907 1152; x_wconf 89' lang='lat' dir='ltr'><strong>penitus</strong></span> <span class='ocrx_word' id='word_1_56' title='bbox 923 1070 1069 1150; x_wconf 81' lang='lat' dir='ltr'><strong>excussit,</strong></span> <span class='ocrx_word' id='word_1_57' title='bbox 1085 1087 1153 1134; x_wconf 88' lang='lat' dir='ltr'><strong>eam</strong></span> <span class='ocrx_word' id='word_1_58' title='bbox 1169 1071 1234 1136; x_wconf 87' lang='lat' dir='ltr'><strong>iere</strong></span> <span class='ocrx_word' id='word_1_59' title='bbox 1249 1090 1375 1138; x_wconf 92' lang='lat' dir='ltr'><strong>omnem</strong></span> <span class='ocrx_word' id='word_1_60' title='bbox 1395 1075 1426 1138; x_wconf 92' lang='lat' dir='ltr'><strong>iu</strong></span> <span class='ocrx_word' id='word_1_61' title='bbox 1442 1093 1496 1140; x_wconf 90' lang='lat' dir='ltr'><strong>sua</strong></span> 
     </span>
     <span class='ocr_line' id='line_1_8' title="bbox 224 1167 1495 1251; baseline 0.005 -20"><span class='ocrx_word' id='word_1_62' title='bbox 224 1185 317 1249; x_wconf 92' lang='lat' dir='ltr'><strong>opera</strong></span> <span class='ocrx_word' id='word_1_63' title='bbox 338 1170 484 1248; x_wconf 90' lang='lat' dir='ltr'><strong>intrudlt;</strong></span> <span class='ocrx_word' id='word_1_64' title='bbox 505 1171 536 1232; x_wconf 92' lang='lat' dir='ltr'><strong>iu</strong></span> <span class='ocrx_word' id='word_1_65' title='bbox 556 1186 592 1234; x_wconf 83' lang='lat' dir='ltr'><strong>ea</strong></span> <span class='ocrx_word' id='word_1_66' title='bbox 607 1169 694 1251; x_wconf 80' lang='lat' dir='ltr'><strong>quasi</strong></span> <span class='ocrx_word' id='word_1_67' title='bbox 709 1167 832 1234; x_wconf 88' lang='lat' dir='ltr'><strong>laetatur</strong></span> <span class='ocrx_word' id='word_1_68' title='bbox 853 1176 884 1235; x_wconf 89' lang='lat' dir='ltr'><strong>et</strong></span> <span class='ocrx_word' id='word_1_69' title='bbox 905 1169 1038 1233; x_wconf 83' lang='lat' dir='ltr'><strong>exsultat</strong></span> <span class='ocrx_word' id='word_1_70' title='bbox 1053 1170 1120 1249; x_wconf 92' lang='lat' dir='ltr'><strong>ejus</strong></span> <span class='ocrx_word' id='word_1_71' title='bbox 1136 1186 1273 1236; x_wconf 89' lang='lat' dir='ltr'><strong>carmen.</strong></span> <span class='ocrx_word' id='word_1_72' title='bbox 1291 1172 1495 1237; x_wconf 89' lang='lat' dir='ltr'><strong>lldsummam</strong></span> 
     </span>
     <span class='ocr_line' id='line_1_9' title="bbox 225 1262 1494 1351; baseline 0.005 -22"><span class='ocrx_word' id='word_1_73' title='bbox 225 1262 390 1332; x_wconf 87' lang='lat' dir='ltr'><strong>dicandum</strong></span> <span class='ocrx_word' id='word_1_74' title='bbox 400 1276 447 1333; x_wconf 91' lang='lat' dir='ltr'><strong>est</strong></span> <span class='ocrx_word' id='word_1_75' title='bbox 463 1269 664 1332; x_wconf 89' lang='lat' dir='ltr'><strong>Prudentinm</strong></span> <span class='ocrx_word' id='word_1_76' title='bbox 676 1285 738 1332; x_wconf 93' lang='lat' dir='ltr'><strong>uon</strong></span> <span class='ocrx_word' id='word_1_77' title='bbox 750 1285 844 1350; x_wconf 90' lang='lat' dir='ltr'><strong>parva</strong></span> <span class='ocrx_word' id='word_1_78' title='bbox 856 1285 913 1348; x_wconf 89' lang='lat' dir='ltr'><strong>per</strong></span> <span class='ocrx_word' id='word_1_79' title='bbox 922 1285 956 1331; x_wconf 92' lang='lat' dir='ltr'><strong>se</strong></span> <span class='ocrx_word' id='word_1_80' title='bbox 969 1267 1149 1332; x_wconf 86' lang='lat' dir='ltr'><strong>inveniendi</strong></span> <span class='ocrx_word' id='word_1_81' title='bbox 1161 1268 1306 1333; x_wconf 81' lang='lat' dir='ltr'><strong>facultate</strong></span> <span class='ocrx_word' id='word_1_82' title='bbox 1317 1271 1494 1351; x_wconf 87' lang='lat' dir='ltr'><strong>praedltum,</strong></span> 
     </span>
     <span class='ocr_line' id='line_1_10' title="bbox 224 1365 1497 1450; baseline 0.007 -25"><span class='ocrx_word' id='word_1_83' title='bbox 224 1373 347 1431; x_wconf 86' lang='lat' dir='ltr'><strong>eleum</strong></span> <span class='ocrx_word' id='word_1_84' title='bbox 368 1367 432 1450; x_wconf 91' lang='lat' dir='ltr'><strong>qui,</strong></span> <span class='ocrx_word' id='word_1_85' title='bbox 448 1365 582 1448; x_wconf 89' lang='lat' dir='ltr'><strong>propriis</strong></span> <span class='ocrx_word' id='word_1_86' title='bbox 603 1368 688 1430; x_wconf 89' lang='lat' dir='ltr'><strong>nisus</strong></span> <span class='ocrx_word' id='word_1_87' title='bbox 709 1367 840 1446; x_wconf 85' lang='lat' dir='ltr'><strong>viribus,</strong></span> <span class='ocrx_word' id='word_1_88' title='bbox 859 1368 1029 1431; x_wconf 87' lang='lat' dir='ltr'><strong>sententias</strong></span> <span class='ocrx_word' id='word_1_89' title='bbox 1050 1385 1173 1447; x_wconf 80' lang='lat' dir='ltr'><strong>graves,</strong></span> <span class='ocrx_word' id='word_1_90' title='bbox 1194 1367 1345 1448; x_wconf 80' lang='lat' dir='ltr'><strong>imagines</strong></span> <span class='ocrx_word' id='word_1_91' title='bbox 1366 1369 1497 1450; x_wconf 87' lang='lat' dir='ltr'><strong>viridas,</strong></span> 
     </span>
     <span class='ocr_line' id='line_1_11' title="bbox 223 1465 1497 1549; baseline 0.004 -22"><span class='ocrx_word' id='word_1_92' title='bbox 223 1466 441 1531; x_wconf 85' lang='lat' dir='ltr'><strong>vehementem</strong></span> <span class='ocrx_word' id='word_1_93' title='bbox 464 1465 622 1530; x_wconf 89' lang='lat' dir='ltr'><strong>interdum</strong></span> <span class='ocrx_word' id='word_1_94' title='bbox 647 1465 796 1548; x_wconf 90' lang='lat' dir='ltr'><strong>impetum</strong></span> <span class='ocrx_word' id='word_1_95' title='bbox 825 1466 944 1544; x_wconf 89' lang='lat' dir='ltr'><strong>ederet,</strong></span> <span class='ocrx_word' id='word_1_96' title='bbox 972 1483 1041 1530; x_wconf 90' lang='lat' dir='ltr'><strong>oum</strong></span> <span class='ocrx_word' id='word_1_97' title='bbox 1068 1466 1235 1547; x_wconf 80' lang='lat' dir='ltr'><strong>allegorico</strong></span> <span class='ocrx_word' id='word_1_98' title='bbox 1263 1484 1380 1547; x_wconf 82' lang='lat' dir='ltr'><strong>genere</strong></span> <span class='ocrx_word' id='word_1_99' title='bbox 1411 1471 1497 1549; x_wconf 83' lang='lat' dir='ltr'><strong>quasi</strong></span> 
     </span>
     <span class='ocr_line' id='line_1_12' title="bbox 223 1564 1498 1644; baseline 0.004 -18"><span class='ocrx_word' id='word_1_100' title='bbox 223 1565 349 1644; x_wconf 89' lang='lat' dir='ltr'><strong>proprio</strong></span> <span class='ocrx_word' id='word_1_101' title='bbox 364 1572 396 1628; x_wconf 91' lang='lat' dir='ltr'><strong>et</strong></span> <span class='ocrx_word' id='word_1_102' title='bbox 408 1564 587 1628; x_wconf 89' lang='lat' dir='ltr'><strong>medullitus</strong></span> <span class='ocrx_word' id='word_1_103' title='bbox 602 1565 740 1628; x_wconf 84' lang='lat' dir='ltr'><strong>haereute</strong></span> <span class='ocrx_word' id='word_1_104' title='bbox 755 1581 856 1642; x_wconf 91' lang='lat' dir='ltr'><strong>usum,</strong></span> <span class='ocrx_word' id='word_1_105' title='bbox 873 1571 940 1628; x_wconf 90' lang='lat' dir='ltr'><strong>tum</strong></span> <span class='ocrx_word' id='word_1_106' title='bbox 954 1565 1104 1644; x_wconf 84' lang='lat' dir='ltr'><strong>exemplis</strong></span> <span class='ocrx_word' id='word_1_107' title='bbox 1119 1565 1220 1629; x_wconf 91' lang='lat' dir='ltr'><strong>alieno</strong></span> <span class='ocrx_word' id='word_1_108' title='bbox 1237 1584 1274 1629; x_wconf 83' lang='lat' dir='ltr'><strong>ex</strong></span> <span class='ocrx_word' id='word_1_109' title='bbox 1290 1566 1498 1631; x_wconf 89' lang='lat' dir='ltr'><strong>instrumento</strong></span> 
     </span>
     <span class='ocr_line' id='line_1_13' title="bbox 223 1664 1497 1751; baseline 0.004 -25"><span class='ocrx_word' id='word_1_110' title='bbox 223 1664 336 1746; x_wconf 87' lang='lat' dir='ltr'><strong>petitis,</strong></span> <span class='ocrx_word' id='word_1_111' title='bbox 362 1666 474 1747; x_wconf 87' lang='lat' dir='ltr'><strong>partlm</strong></span> <span class='ocrx_word' id='word_1_112' title='bbox 499 1665 634 1745; x_wconf 83' lang='lat' dir='ltr'><strong>genuina</strong></span> <span class='ocrx_word' id='word_1_113' title='bbox 665 1664 778 1751; x_wconf 85' lang='lat' dir='ltr'><strong>partim</strong></span> <span class='ocrx_word' id='word_1_114' title='bbox 807 1664 919 1728; x_wconf 85' lang='lat' dir='ltr'><strong>ficticia</strong></span> <span class='ocrx_word' id='word_1_115' title='bbox 946 1665 1080 1728; x_wconf 88' lang='lat' dir='ltr'><strong>carmina</strong></span> <span class='ocrx_word' id='word_1_116' title='bbox 1116 1667 1337 1746; x_wconf 85' lang='lat' dir='ltr'><strong>composuisse,</strong></span> <span class='ocrx_word' id='word_1_117' title='bbox 1364 1683 1497 1746; x_wconf 87' lang='lat' dir='ltr'><strong>quorum</strong></span> 
     </span>
     <span class='ocr_line' id='line_1_14' title="bbox 224 1762 1343 1845; baseline 0 -17"><span class='ocrx_word' id='word_1_118' title='bbox 224 1763 363 1844; x_wconf 86' lang='lat' dir='ltr'><strong>quaedam</strong></span> <span class='ocrx_word' id='word_1_119' title='bbox 377 1765 495 1844; x_wconf 91' lang='lat' dir='ltr'><strong>spirare</strong></span> <span class='ocrx_word' id='word_1_120' title='bbox 509 1768 623 1845; x_wconf 90' lang='lat' dir='ltr'><strong>partes,</strong></span> <span class='ocrx_word' id='word_1_121' title='bbox 639 1764 779 1844; x_wconf 78' lang='lat' dir='ltr'><strong>quedam</strong></span> <span class='ocrx_word' id='word_1_122' title='bbox 794 1763 952 1845; x_wconf 87' lang='lat' dir='ltr'><strong>paululum</strong></span> <span class='ocrx_word' id='word_1_123' title='bbox 968 1762 1169 1844; x_wconf 82' lang='lat' dir='ltr'><strong>lnagueseere</strong></span> <span class='ocrx_word' id='word_1_124' title='bbox 1184 1764 1343 1830; x_wconf 82' lang='lat' dir='ltr'><strong>videntur.</strong></span> 
     </span>
    </p>
   </div>
   <div class='ocr_carea' id='block_1_3' title="bbox 510 1969 1213 2052">
    <p class='ocr_par' dir='ltr' id='par_1_3' title="bbox 510 1969 1213 2052">
     <span class='ocr_line' id='line_1_15' title="bbox 510 1969 1213 2052; baseline 0.001 -21"><span class='ocrx_word' id='word_1_125' title='bbox 510 1970 526 2052; x_wconf 66' lang='lat' dir='ltr'>g</span> <span class='ocrx_word' id='word_1_126' title='bbox 541 1971 577 2034; x_wconf 93' lang='lat' dir='ltr'><strong>ll.</strong></span> <span class='ocrx_word' id='word_1_127' title='bbox 593 2005 633 2014; x_wconf 96' lang='lat'>-</span> <span class='ocrx_word' id='word_1_128' title='bbox 647 1971 690 2033; x_wconf 86' lang='lat' dir='ltr'><strong>De</strong></span> <span class='ocrx_word' id='word_1_129' title='bbox 700 1969 895 2050; x_wconf 80' lang='lat' dir='ltr'><strong>dispositione</strong></span> <span class='ocrx_word' id='word_1_130' title='bbox 908 1970 988 2050; x_wconf 85' lang='lat' dir='ltr'><strong>opud</strong></span> <span class='ocrx_word' id='word_1_131' title='bbox 1000 1970 1213 2034; x_wconf 83' lang='lat' dir='ltr'><strong>Prcdcutiem.</strong></span> 
     </span>
    </p>
   </div>
   <div class='ocr_carea' id='block_1_4' title="bbox 221 2157 1504 4897">
    <p class='ocr_par' dir='ltr' id='par_1_4' title="bbox 221 2157 1504 4192">
     <span class='ocr_line' id='line_1_16' title="bbox 264 2157 1499 2239; baseline 0.002 -19"><span class='ocrx_word' id='word_1_132' title='bbox 264 2159 364 2222; x_wconf 89' lang='lat' dir='ltr'><strong>Pauca</strong></span> <span class='ocrx_word' id='word_1_133' title='bbox 380 2159 418 2221; x_wconf 89' lang='lat' dir='ltr'><strong>de</strong></span> <span class='ocrx_word' id='word_1_134' title='bbox 434 2157 617 2239; x_wconf 89' lang='lat' dir='ltr'><strong>disponendi</strong></span> <span class='ocrx_word' id='word_1_135' title='bbox 633 2163 698 2221; x_wconf 84' lang='lat' dir='ltr'><strong>unte</strong></span> <span class='ocrx_word' id='word_1_136' title='bbox 710 2157 791 2237; x_wconf 89' lang='lat' dir='ltr'><strong>apud</strong></span> <span class='ocrx_word' id='word_1_137' title='bbox 807 2157 1009 2220; x_wconf 82' lang='lat' dir='ltr'><strong>Prudentiori</strong></span> <span class='ocrx_word' id='word_1_138' title='bbox 1026 2157 1156 2221; x_wconf 88' lang='lat' dir='ltr'><strong>dicenda</strong></span> <span class='ocrx_word' id='word_1_139' title='bbox 1171 2165 1254 2236; x_wconf 90' lang='lat' dir='ltr'><strong>sunt,</strong></span> <span class='ocrx_word' id='word_1_140' title='bbox 1268 2175 1338 2221; x_wconf 91' lang='lat' dir='ltr'><strong>cum</strong></span> <span class='ocrx_word' id='word_1_141' title='bbox 1354 2159 1393 2222; x_wconf 91' lang='lat' dir='ltr'><strong>sit</strong></span> <span class='ocrx_word' id='word_1_142' title='bbox 1407 2176 1499 2239; x_wconf 89' lang='lat' dir='ltr'><strong>quem</strong></span> 
     </span>
     <span class='ocr_line' id='line_1_17' title="bbox 225 2251 1500 2337; baseline 0.001 -18"><span class='ocrx_word' id='word_1_143' title='bbox 225 2257 384 2337; x_wconf 86' lang='lat' dir='ltr'><strong>usurpavit</strong></span> <span class='ocrx_word' id='word_1_144' title='bbox 405 2256 565 2336; x_wconf 86' lang='lat' dir='ltr'><strong>dispositio</strong></span> <span class='ocrx_word' id='word_1_145' title='bbox 586 2255 643 2319; x_wconf 85' lang='lat' dir='ltr'><strong>sibi</strong></span> <span class='ocrx_word' id='word_1_146' title='bbox 666 2257 731 2318; x_wconf 88' lang='lat' dir='ltr'><strong>lere</strong></span> <span class='ocrx_word' id='word_1_147' title='bbox 755 2251 882 2318; x_wconf 88' lang='lat' dir='ltr'><strong>omuilro</strong></span> <span class='ocrx_word' id='word_1_148' title='bbox 906 2263 1065 2334; x_wconf 89' lang='lat' dir='ltr'><strong>constans,</strong></span> <span class='ocrx_word' id='word_1_149' title='bbox 1082 2263 1174 2337; x_wconf 85' lang='lat' dir='ltr'><strong>atque</strong></span> <span class='ocrx_word' id='word_1_150' title='bbox 1196 2257 1279 2320; x_wconf 90' lang='lat' dir='ltr'><strong>illam</strong></span> <span class='ocrx_word' id='word_1_151' title='bbox 1299 2256 1362 2337; x_wconf 78' lang='lat' dir='ltr'><strong>Jam</strong></span> <span class='ocrx_word' id='word_1_152' title='bbox 1376 2258 1500 2320; x_wconf 86' lang='lat' dir='ltr'><strong>¹noverit</strong></span> 
     </span>
     <span class='ocr_line' id='line_1_18' title="bbox 224 2353 1498 2435; baseline 0.001 -18"><span class='ocrx_word' id='word_1_153' title='bbox 224 2355 321 2418; x_wconf 91' lang='lat' dir='ltr'><strong>lector</strong></span> <span class='ocrx_word' id='word_1_154' title='bbox 336 2371 352 2418; x_wconf 89' lang='lat' dir='ltr'><strong>e</strong></span> <span class='ocrx_word' id='word_1_155' title='bbox 367 2361 471 2418; x_wconf 89' lang='lat' dir='ltr'><strong>nostra</strong></span> <span class='ocrx_word' id='word_1_156' title='bbox 488 2353 674 2434; x_wconf 78' lang='lat' dir='ltr'><strong>hymnorum</strong></span> <span class='ocrx_word' id='word_1_157' title='bbox 689 2355 753 2417; x_wconf 91' lang='lat' dir='ltr'><strong>sive</strong></span> <span class='ocrx_word' id='word_1_158' title='bbox 769 2353 858 2417; x_wconf 85' lang='lat' dir='ltr'><strong>Geth.</strong></span> <span class='ocrx_word' id='word_1_159' title='bbox 874 2353 939 2416; x_wconf 90' lang='lat' dir='ltr'><strong>sive</strong></span> <span class='ocrx_word' id='word_1_160' title='bbox 960 2355 1069 2417; x_wconf 89' lang='lat' dir='ltr'><strong>Perist.</strong></span> <span class='ocrx_word' id='word_1_161' title='bbox 1087 2355 1307 2434; x_wconf 88' lang='lat' dir='ltr'><strong>descriptione.</strong></span> <span class='ocrx_word' id='word_1_162' title='bbox 1324 2355 1398 2418; x_wconf 86' lang='lat' dir='ltr'><strong>Dooe</strong></span> <span class='ocrx_word' id='word_1_163' title='bbox 1413 2363 1498 2435; x_wconf 91' lang='lat' dir='ltr'><strong>sunl,</strong></span> 
     </span>
     <span class='ocr_line' id='line_1_19' title="bbox 224 2451 1496 2532; baseline 0 -16"><span class='ocrx_word' id='word_1_164' title='bbox 224 2469 283 2516; x_wconf 88' lang='lat' dir='ltr'><strong>nec</strong></span> <span class='ocrx_word' id='word_1_165' title='bbox 302 2453 368 2516; x_wconf 89' lang='lat' dir='ltr'><strong>lere</strong></span> <span class='ocrx_word' id='word_1_166' title='bbox 388 2452 534 2532; x_wconf 87' lang='lat' dir='ltr'><strong>quidquid</strong></span> <span class='ocrx_word' id='word_1_167' title='bbox 560 2453 639 2515; x_wconf 90' lang='lat' dir='ltr'><strong>ultra</strong></span> <span class='ocrx_word' id='word_1_168' title='bbox 665 2459 723 2529; x_wconf 91' lang='lat' dir='ltr'><strong>est,</strong></span> <span class='ocrx_word' id='word_1_169' title='bbox 741 2451 900 2515; x_wconf 88' lang='lat' dir='ltr'><strong>Prudentii</strong></span> <span class='ocrx_word' id='word_1_170' title='bbox 927 2453 1074 2531; x_wconf 86' lang='lat' dir='ltr'><strong>rationes,</strong></span> <span class='ocrx_word' id='word_1_171' title='bbox 1090 2453 1171 2532; x_wconf 87' lang='lat' dir='ltr'><strong>quod</strong></span> <span class='ocrx_word' id='word_1_172' title='bbox 1194 2453 1233 2515; x_wconf 89' lang='lat' dir='ltr'><strong>ad</strong></span> <span class='ocrx_word' id='word_1_173' title='bbox 1248 2454 1496 2532; x_wconf 90' lang='lat' dir='ltr'><strong>componendum</strong></span> 
     </span>
     <span class='ocr_line' id='line_1_20' title="bbox 223 2549 1504 2632; baseline 0.001 -18"><span class='ocrx_word' id='word_1_174' title='bbox 223 2551 352 2632; x_wconf 81' lang='lat' dir='ltr'><strong>lyricum</strong></span> <span class='ocrx_word' id='word_1_175' title='bbox 373 2567 497 2613; x_wconf 88' lang='lat' dir='ltr'><strong>carmen</strong></span> <span class='ocrx_word' id='word_1_176' title='bbox 522 2551 655 2613; x_wconf 90' lang='lat' dir='ltr'><strong>attinet:</strong></span> <span class='ocrx_word' id='word_1_177' title='bbox 673 2549 790 2613; x_wconf 88' lang='lat' dir='ltr'><strong>scilicet</strong></span> <span class='ocrx_word' id='word_1_178' title='bbox 805 2567 875 2613; x_wconf 89' lang='lat' dir='ltr'><strong>oum</strong></span> <span class='ocrx_word' id='word_1_179' title='bbox 896 2549 1046 2630; x_wconf 80' lang='lat' dir='ltr'><strong>hymnum</strong></span> <span class='ocrx_word' id='word_1_180' title='bbox 1063 2552 1156 2614; x_wconf 84' lang='lat' dir='ltr'><strong>canet</strong></span> <span class='ocrx_word' id='word_1_181' title='bbox 1171 2551 1379 2629; x_wconf 87' lang='lat' dir='ltr'><strong>tractandum,</strong></span> <span class='ocrx_word' id='word_1_182' title='bbox 1395 2567 1504 2615; x_wconf 90' lang='lat' dir='ltr'><strong>narra-</strong></span> 
     </span>
     <span class='ocr_line' id='line_1_21' title="bbox 224 2646 1501 2728; baseline 0.002 -17"><span class='ocrx_word' id='word_1_183' title='bbox 224 2651 339 2713; x_wconf 89' lang='lat' dir='ltr'><strong>tionem</strong></span> <span class='ocrx_word' id='word_1_184' title='bbox 355 2646 551 2711; x_wconf 87' lang='lat' dir='ltr'><strong>inserendam</strong></span> <span class='ocrx_word' id='word_1_185' title='bbox 573 2649 666 2728; x_wconf 83' lang='lat' dir='ltr'><strong>petit3</strong></span> <span class='ocrx_word' id='word_1_186' title='bbox 682 2665 751 2711; x_wconf 90' lang='lat' dir='ltr'><strong>cnm</strong></span> <span class='ocrx_word' id='word_1_187' title='bbox 771 2648 834 2725; x_wconf 91' lang='lat' dir='ltr'><strong>jam</strong></span> <span class='ocrx_word' id='word_1_188' title='bbox 851 2649 983 2727; x_wconf 86' lang='lat' dir='ltr'><strong>hymnus</strong></span> <span class='ocrx_word' id='word_1_189' title='bbox 999 2665 1055 2728; x_wconf 92' lang='lat' dir='ltr'><strong>per</strong></span> <span class='ocrx_word' id='word_1_190' title='bbox 1073 2665 1106 2711; x_wconf 93' lang='lat' dir='ltr'><strong>se</strong></span> <span class='ocrx_word' id='word_1_191' title='bbox 1127 2666 1166 2711; x_wconf 82' lang='lat' dir='ltr'><strong>ex</strong></span> <span class='ocrx_word' id='word_1_192' title='bbox 1184 2650 1363 2712; x_wconf 90' lang='lat' dir='ltr'><strong>narratione</strong></span> <span class='ocrx_word' id='word_1_193' title='bbox 1379 2659 1501 2713; x_wconf 87' lang='lat' dir='ltr'><strong>constat</strong></span> 
     </span>
     <span class='ocr_line' id='line_1_22' title="bbox 225 2747 1497 2828; baseline 0.001 -16"><span class='ocrx_word' id='word_1_194' title='bbox 225 2748 319 2828; x_wconf 86' lang='lat' dir='ltr'><strong>(quod</strong></span> <span class='ocrx_word' id='word_1_195' title='bbox 339 2747 522 2828; x_wconf 90' lang='lat' dir='ltr'><strong>plerumque</strong></span> <span class='ocrx_word' id='word_1_196' title='bbox 540 2748 575 2809; x_wconf 90' lang='lat' dir='ltr'><strong>lit</strong></span> <span class='ocrx_word' id='word_1_197' title='bbox 594 2748 626 2810; x_wconf 90' lang='lat' dir='ltr'><strong>in</strong></span> <span class='ocrx_word' id='word_1_198' title='bbox 646 2748 768 2822; x_wconf 87' lang='lat' dir='ltr'><strong>Perist.)</strong></span> <span class='ocrx_word' id='word_1_199' title='bbox 786 2748 959 2810; x_wconf 90' lang='lat' dir='ltr'><strong>orationem</strong></span> <span class='ocrx_word' id='word_1_200' title='bbox 979 2747 1150 2810; x_wconf 90' lang='lat' dir='ltr'><strong>narrationi</strong></span> <span class='ocrx_word' id='word_1_201' title='bbox 1166 2747 1387 2812; x_wconf 77' lang='lat' dir='ltr'><strong>includendam</strong></span> <span class='ocrx_word' id='word_1_202' title='bbox 1408 2751 1497 2828; x_wconf 87' lang='lat' dir='ltr'><strong>petit.</strong></span> 
     </span>
     <span class='ocr_line' id='line_1_23' title="bbox 224 2845 1500 2927; baseline 0.001 -17"><span class='ocrx_word' id='word_1_203' title='bbox 224 2847 360 2910; x_wconf 86' lang='lat' dir='ltr'><strong>Rationis</strong></span> <span class='ocrx_word' id='word_1_204' title='bbox 389 2845 550 2927; x_wconf 91' lang='lat' dir='ltr'><strong>utriusque</strong></span> <span class='ocrx_word' id='word_1_205' title='bbox 586 2863 647 2909; x_wconf 86' lang='lat' dir='ltr'><strong>une</strong></span> <span class='ocrx_word' id='word_1_206' title='bbox 678 2853 726 2909; x_wconf 90' lang='lat' dir='ltr'><strong>est</strong></span> <span class='ocrx_word' id='word_1_207' title='bbox 754 2862 857 2922; x_wconf 89' lang='lat' dir='ltr'><strong>causa,</strong></span> <span class='ocrx_word' id='word_1_208' title='bbox 883 2846 964 2925; x_wconf 87' lang='lat' dir='ltr'><strong>quod</strong></span> <span class='ocrx_word' id='word_1_209' title='bbox 998 2847 1186 2910; x_wconf 89' lang='lat' dir='ltr'><strong>Prudentius</strong></span> <span class='ocrx_word' id='word_1_210' title='bbox 1218 2847 1331 2910; x_wconf 91' lang='lat' dir='ltr'><strong>docere</strong></span> <span class='ocrx_word' id='word_1_211' title='bbox 1360 2855 1391 2910; x_wconf 90' lang='lat' dir='ltr'><strong>et</strong></span> <span class='ocrx_word' id='word_1_212' title='bbox 1418 2870 1430 2904; x_wconf 86' lang='lat'><strong>‹</strong></span> <span class='ocrx_word' id='word_1_213' title='bbox 1454 2848 1500 2910; x_wconf 87' lang='lat' dir='ltr'><strong>iu-</strong></span> 
     </span>
     <span class='ocr_line' id='line_1_24' title="bbox 222 2944 1498 3027; baseline 0.002 -20"><span class='ocrx_word' id='word_1_214' title='bbox 222 2952 373 3008; x_wconf 81' lang='lat' dir='ltr'><strong>struere»</strong></span> <span class='ocrx_word' id='word_1_215' title='bbox 405 2945 544 3009; x_wconf 92' lang='lat' dir='ltr'><strong>caneudo</strong></span> <span class='ocrx_word' id='word_1_216' title='bbox 573 2945 605 3008; x_wconf 91' lang='lat' dir='ltr'><strong>in</strong></span> <span class='ocrx_word' id='word_1_217' title='bbox 634 2946 737 3008; x_wconf 91' lang='lat' dir='ltr'><strong>animo</strong></span> <span class='ocrx_word' id='word_1_218' title='bbox 760 2945 864 3008; x_wconf 84' lang='lat' dir='ltr'><strong>hauet.</strong></span> <span class='ocrx_word' id='word_1_219' title='bbox 896 2944 982 3020; x_wconf 88' lang='lat' dir='ltr'><strong>lude,</strong></span> <span class='ocrx_word' id='word_1_220' title='bbox 1013 2946 1038 3007; x_wconf 95' lang='lat' dir='ltr'><strong>si</strong></span> <span class='ocrx_word' id='word_1_221' title='bbox 1067 2946 1201 3022; x_wconf 84' lang='lat' dir='ltr'><strong>conitor,</strong></span> <span class='ocrx_word' id='word_1_222' title='bbox 1230 2945 1279 3008; x_wconf 89' lang='lat' dir='ltr'><strong>illa</strong></span> <span class='ocrx_word' id='word_1_223' title='bbox 1310 2961 1379 3025; x_wconf 88' lang='lat' dir='ltr'><strong>quae</strong></span> <span class='ocrx_word' id='word_1_224' title='bbox 1405 2963 1498 3027; x_wconf 91' lang='lat' dir='ltr'><strong>supra</strong></span> 
     </span>
     <span class='ocr_line' id='line_1_25' title="bbox 222 3043 1498 3123; baseline 0.002 -18"><span class='ocrx_word' id='word_1_225' title='bbox 222 3044 460 3107; x_wconf 89' lang='lat' dir='ltr'><strong>memoravimus</strong></span> <span class='ocrx_word' id='word_1_226' title='bbox 484 3043 636 3123; x_wconf 85' lang='lat' dir='ltr'><strong>exempla,</strong></span> <span class='ocrx_word' id='word_1_227' title='bbox 670 3043 800 3106; x_wconf 88' lang='lat' dir='ltr'><strong>docendi</strong></span> <span class='ocrx_word' id='word_1_228' title='bbox 839 3043 1091 3121; x_wconf 63' lang='lat' dir='ltr'><strong>causacione</strong></span> <span class='ocrx_word' id='word_1_229' title='bbox 1117 3043 1142 3106; x_wconf 91' lang='lat' dir='ltr'><strong>si</strong></span> <span class='ocrx_word' id='word_1_230' title='bbox 1169 3050 1324 3121; x_wconf 89' lang='lat' dir='ltr'><strong>narratur,</strong></span> <span class='ocrx_word' id='word_1_231' title='bbox 1356 3060 1498 3122; x_wconf 82' lang='lat' dir='ltr'><strong>personae</strong></span> 
     </span>
     <span class='ocr_line' id='line_1_26' title="bbox 224 3128 1499 3223; baseline 0.002 -19"><span class='ocrx_word' id='word_1_232' title='bbox 224 3143 395 3222; x_wconf 77' lang='lat' dir='ltr'><strong>cuiusdam,</strong></span> <span class='ocrx_word' id='word_1_233' title='bbox 415 3143 481 3205; x_wconf 89' lang='lat' dir='ltr'><strong>lere</strong></span> <span class='ocrx_word' id='word_1_234' title='bbox 505 3141 683 3221; x_wconf 87' lang='lat' dir='ltr'><strong>cujuslibet,</strong></span> <span class='ocrx_word' id='word_1_235' title='bbox 707 3158 773 3221; x_wconf 91' lang='lat' dir='ltr'><strong>ore,</strong></span> <span class='ocrx_word' id='word_1_236' title='bbox 795 3142 978 3204; x_wconf 88' lang='lat' dir='ltr'><strong>concionem</strong></span> <span class='ocrx_word' id='word_1_237' title='bbox 1001 3141 1105 3219; x_wconf 84' lang='lat' dir='ltr'><strong>hahet,</strong></span> <span class='ocrx_word' id='word_1_238' title='bbox 1129 3128 1177 3204; x_wconf 88' lang='lat' dir='ltr'><strong>cui</strong></span> <span class='ocrx_word' id='word_1_239' title='bbox 1197 3148 1228 3204; x_wconf 91' lang='lat' dir='ltr'><strong>et</strong></span> <span class='ocrx_word' id='word_1_240' title='bbox 1242 3142 1380 3223; x_wconf 81' lang='lat' dir='ltr'><strong>exempla</strong></span> <span class='ocrx_word' id='word_1_241' title='bbox 1407 3140 1499 3222; x_wconf 76' lang='lat' dir='ltr'><strong>vulgo</strong></span> 
     </span>
     <span class='ocr_line' id='line_1_27' title="bbox 222 3240 1500 3320; baseline 0.002 -17"><span class='ocrx_word' id='word_1_242' title='bbox 222 3242 414 3305; x_wconf 88' lang='lat' dir='ltr'><strong>inseruntur.</strong></span> <span class='ocrx_word' id='word_1_243' title='bbox 432 3242 646 3305; x_wconf 82' lang='lat' dir='ltr'><strong>Narrationem</strong></span> <span class='ocrx_word' id='word_1_244' title='bbox 668 3248 784 3318; x_wconf 92' lang='lat' dir='ltr'><strong>autem,</strong></span> <span class='ocrx_word' id='word_1_245' title='bbox 801 3242 915 3320; x_wconf 80' lang='lat' dir='ltr'><strong>lrpmuo</strong></span> <span class='ocrx_word' id='word_1_246' title='bbox 936 3245 1050 3320; x_wconf 89' lang='lat' dir='ltr'><strong>aptam,</strong></span> <span class='ocrx_word' id='word_1_247' title='bbox 1066 3242 1116 3304; x_wconf 89' lang='lat' dir='ltr'><strong>vel</strong></span> <span class='ocrx_word' id='word_1_248' title='bbox 1138 3240 1312 3304; x_wconf 89' lang='lat' dir='ltr'><strong>orationem</strong></span> <span class='ocrx_word' id='word_1_249' title='bbox 1333 3243 1372 3304; x_wconf 91' lang='lat' dir='ltr'><strong>ad</strong></span> <span class='ocrx_word' id='word_1_250' title='bbox 1394 3258 1500 3305; x_wconf 90' lang='lat' dir='ltr'><strong>narra·</strong></span> 
     </span>
     <span class='ocr_line' id='line_1_28' title="bbox 222 3339 1500 3420; baseline 0.002 -17"><span class='ocrx_word' id='word_1_251' title='bbox 222 3341 338 3404; x_wconf 89' lang='lat' dir='ltr'><strong>tionem</strong></span> <span class='ocrx_word' id='word_1_252' title='bbox 354 3341 780 3420; x_wconf 82' lang='lat' dir='ltr'><strong>accommodatampostpuam</strong></span> <span class='ocrx_word' id='word_1_253' title='bbox 796 3339 998 3419; x_wconf 89' lang='lat' dir='ltr'><strong>reperit,sive</strong></span> <span class='ocrx_word' id='word_1_254' title='bbox 1019 3341 1258 3403; x_wconf 88' lang='lat' dir='ltr'><strong>narrationisire</strong></span> <span class='ocrx_word' id='word_1_255' title='bbox 1278 3340 1410 3404; x_wconf 87' lang='lat' dir='ltr'><strong>orationi</strong></span> <span class='ocrx_word' id='word_1_256' title='bbox 1427 3341 1500 3406; x_wconf 87' lang='lat' dir='ltr'><strong>hinc</strong></span> 
     </span>
     <span class='ocr_line' id='line_1_29' title="bbox 221 3437 1496 3519; baseline 0 -16"><span class='ocrx_word' id='word_1_257' title='bbox 221 3441 418 3519; x_wconf 90' lang='lat' dir='ltr'><strong>prooemium,</strong></span> <span class='ocrx_word' id='word_1_258' title='bbox 433 3439 518 3502; x_wconf 90' lang='lat' dir='ltr'><strong>illinc</strong></span> <span class='ocrx_word' id='word_1_259' title='bbox 533 3439 701 3502; x_wconf 90' lang='lat' dir='ltr'><strong>clausulam</strong></span> <span class='ocrx_word' id='word_1_260' title='bbox 714 3439 809 3514; x_wconf 86' lang='lat' dir='ltr'><strong>addit,</strong></span> <span class='ocrx_word' id='word_1_261' title='bbox 828 3455 887 3518; x_wconf 88' lang='lat' dir='ltr'><strong>quo</strong></span> <span class='ocrx_word' id='word_1_262' title='bbox 909 3439 988 3502; x_wconf 88' lang='lat' dir='ltr'><strong>lacto</strong></span> <span class='ocrx_word' id='word_1_263' title='bbox 1004 3437 1152 3517; x_wconf 85' lang='lat' dir='ltr'><strong>hymnum</strong></span> <span class='ocrx_word' id='word_1_264' title='bbox 1168 3441 1371 3518; x_wconf 93' lang='lat' dir='ltr'><strong>compositum</strong></span> <span class='ocrx_word' id='word_1_265' title='bbox 1392 3440 1496 3503; x_wconf 84' lang='lat' dir='ltr'><strong>hehet.</strong></span> 
     </span>
     <span class='ocr_line' id='line_1_30' title="bbox 221 3534 1497 3618; baseline 0 -18"><span class='ocrx_word' id='word_1_266' title='bbox 221 3537 409 3618; x_wconf 85' lang='lat' dir='ltr'><strong>Excipieuda</strong></span> <span class='ocrx_word' id='word_1_267' title='bbox 433 3545 506 3602; x_wconf 89' lang='lat' dir='ltr'><strong>snut</strong></span> <span class='ocrx_word' id='word_1_268' title='bbox 530 3554 625 3617; x_wconf 92' lang='lat' dir='ltr'><strong>pauca</strong></span> <span class='ocrx_word' id='word_1_269' title='bbox 649 3538 783 3600; x_wconf 88' lang='lat' dir='ltr'><strong>carmina</strong></span> <span class='ocrx_word' id='word_1_270' title='bbox 804 3537 922 3599; x_wconf 90' lang='lat' dir='ltr'><strong>scilicet</strong></span> <span class='ocrx_word' id='word_1_271' title='bbox 936 3534 1024 3599; x_wconf 86' lang='lat' dir='ltr'><strong>Goth.</strong></span> <span class='ocrx_word' id='word_1_272' title='bbox 1041 3537 1107 3600; x_wconf 89' lang='lat' dir='ltr'><strong>Vlll</strong></span> <span class='ocrx_word' id='word_1_273' title='bbox 1130 3536 1228 3616; x_wconf 91' lang='lat' dir='ltr'><strong>(omui</strong></span> <span class='ocrx_word' id='word_1_274' title='bbox 1245 3538 1335 3600; x_wconf 90' lang='lat' dir='ltr'><strong>laude</strong></span> <span class='ocrx_word' id='word_1_275' title='bbox 1359 3543 1497 3600; x_wconf 89' lang='lat' dir='ltr'><strong>ceterum</strong></span> 
     </span>
     <span class='ocr_line' id='line_1_31' title="bbox 222 3635 1496 3717; baseline -0.001 -19"><span class='ocrx_word' id='word_1_276' title='bbox 222 3635 437 3717; x_wconf 90' lang='lat' dir='ltr'><strong>cumulandus)</strong></span> <span class='ocrx_word' id='word_1_277' title='bbox 450 3636 501 3715; x_wconf 89' lang='lat' dir='ltr'><strong>qul</strong></span> <span class='ocrx_word' id='word_1_278' title='bbox 517 3643 598 3698; x_wconf 90' lang='lat' dir='ltr'><strong>totus</strong></span> <span class='ocrx_word' id='word_1_279' title='bbox 612 3635 801 3716; x_wconf 83' lang='lat' dir='ltr'><strong>lyricusest,</strong></span> <span class='ocrx_word' id='word_1_280' title='bbox 816 3635 903 3697; x_wconf 82' lang='lat' dir='ltr'><strong>Catlr.</strong></span> <span class='ocrx_word' id='word_1_281' title='bbox 916 3635 969 3712; x_wconf 88' lang='lat' dir='ltr'><strong>lll,</strong></span> <span class='ocrx_word' id='word_1_282' title='bbox 982 3635 1010 3697; x_wconf 88' lang='lat' dir='ltr'><strong>iu</strong></span> <span class='ocrx_word' id='word_1_283' title='bbox 1024 3637 1234 3714; x_wconf 81' lang='lat' dir='ltr'><strong>quo-narratio</strong></span> <span class='ocrx_word' id='word_1_284' title='bbox 1246 3642 1276 3697; x_wconf 94' lang='lat' dir='ltr'><strong>et</strong></span> <span class='ocrx_word' id='word_1_285' title='bbox 1291 3651 1416 3697; x_wconf 89' lang='lat' dir='ltr'><strong>carmen</strong></span> <span class='ocrx_word' id='word_1_286' title='bbox 1435 3641 1496 3697; x_wconf 92' lang='lat' dir='ltr'><strong>tam</strong></span> 
     </span>
     <span class='ocr_line' id='line_1_32' title="bbox 223 3732 1494 3815; baseline -0.002 -17"><span class='ocrx_word' id='word_1_287' title='bbox 223 3744 292 3815; x_wconf 89' lang='lat' dir='ltr'><strong>apte</strong></span> <span class='ocrx_word' id='word_1_288' title='bbox 314 3737 472 3798; x_wconf 86' lang='lat' dir='ltr'><strong>colraarent</strong></span> <span class='ocrx_word' id='word_1_289' title='bbox 493 3740 620 3798; x_wconf 86' lang='lat' dir='ltr'><strong>uivere</strong></span> <span class='ocrx_word' id='word_1_290' title='bbox 642 3733 730 3814; x_wconf 88' lang='lat' dir='ltr'><strong>lyrici</strong></span> <span class='ocrx_word' id='word_1_291' title='bbox 748 3735 863 3814; x_wconf 49' lang='lat' dir='ltr'><strong>‘hymni</strong></span> <span class='ocrx_word' id='word_1_292' title='bbox 885 3732 1021 3812; x_wconf 87' lang='lat' dir='ltr'><strong>speeiem</strong></span> <span class='ocrx_word' id='word_1_293' title='bbox 1046 3735 1217 3812; x_wconf 87' lang='lat' dir='ltr'><strong>praebeant,</strong></span> <span class='ocrx_word' id='word_1_294' title='bbox 1241 3734 1353 3796; x_wconf 93' lang='lat' dir='ltr'><strong>Perist.</strong></span> <span class='ocrx_word' id='word_1_295' title='bbox 1377 3733 1418 3795; x_wconf 88' lang='lat' dir='ltr'><strong>lX</strong></span> <span class='ocrx_word' id='word_1_296' title='bbox 1442 3733 1494 3813; x_wconf 89' lang='lat' dir='ltr'><strong>(de</strong></span> 
     </span>
     <span class='ocr_line' id='line_1_33' title="bbox 223 3830 1492 3913; baseline -0.002 -17"><span class='ocrx_word' id='word_1_297' title='bbox 223 3833 427 3913; x_wconf 89' lang='lat' dir='ltr'><strong>baptisterio),</strong></span> <span class='ocrx_word' id='word_1_298' title='bbox 443 3833 493 3913; x_wconf 88' lang='lat' dir='ltr'><strong>qui</strong></span> <span class='ocrx_word' id='word_1_299' title='bbox 509 3833 632 3894; x_wconf 87' lang='lat' dir='ltr'><strong>brevior</strong></span> <span class='ocrx_word' id='word_1_300' title='bbox 647 3848 722 3894; x_wconf 91' lang='lat' dir='ltr'><strong>saue</strong></span> <span class='ocrx_word' id='word_1_301' title='bbox 736 3839 784 3894; x_wconf 92' lang='lat' dir='ltr'><strong>est</strong></span> <span class='ocrx_word' id='word_1_302' title='bbox 798 3848 889 3912; x_wconf 87' lang='lat' dir='ltr'><strong>qnam</strong></span> <span class='ocrx_word' id='word_1_303' title='bbox 904 3838 938 3894; x_wconf 89' lang='lat' dir='ltr'><strong>ut</strong></span> <span class='ocrx_word' id='word_1_304' title='bbox 953 3831 995 3893; x_wconf 85' lang='lat' dir='ltr'><strong>illl</strong></span> <span class='ocrx_word' id='word_1_305' title='bbox 1012 3831 1147 3893; x_wconf 91' lang='lat' dir='ltr'><strong>narratio</strong></span> <span class='ocrx_word' id='word_1_306' title='bbox 1167 3830 1342 3894; x_wconf 85' lang='lat' dir='ltr'><strong>adventicia</strong></span> <span class='ocrx_word' id='word_1_307' title='bbox 1358 3839 1492 3911; x_wconf 89' lang='lat' dir='ltr'><strong>petatur.</strong></span> 
     </span>
     <span class='ocr_line' id='line_1_34' title="bbox 222 3929 1496 4011; baseline -0.002 -17"><span class='ocrx_word' id='word_1_308' title='bbox 222 3933 320 4010; x_wconf 80' lang='lat' dir='ltr'><strong>Adde,</strong></span> <span class='ocrx_word' id='word_1_309' title='bbox 337 3938 371 3995; x_wconf 90' lang='lat' dir='ltr'><strong>ut</strong></span> <span class='ocrx_word' id='word_1_310' title='bbox 387 3932 450 4011; x_wconf 79' lang='lat' dir='ltr'><strong>iam</strong></span> <span class='ocrx_word' id='word_1_311' title='bbox 469 3929 545 4009; x_wconf 81' lang='lat' dir='ltr'><strong>dini,</strong></span> <span class='ocrx_word' id='word_1_312' title='bbox 556 3931 664 3993; x_wconf 89' lang='lat' dir='ltr'><strong>Perist.</strong></span> <span class='ocrx_word' id='word_1_313' title='bbox 683 3931 736 3994; x_wconf 91' lang='lat' dir='ltr'><strong>llll</strong></span> <span class='ocrx_word' id='word_1_314' title='bbox 752 3929 804 4010; x_wconf 89' lang='lat' dir='ltr'><strong>(de</strong></span> <span class='ocrx_word' id='word_1_315' title='bbox 820 3933 910 3992; x_wconf 91' lang='lat' dir='ltr'><strong>Petro</strong></span> <span class='ocrx_word' id='word_1_316' title='bbox 923 3936 954 3992; x_wconf 92' lang='lat' dir='ltr'><strong>et</strong></span> <span class='ocrx_word' id='word_1_317' title='bbox 965 3929 1122 4008; x_wconf 90' lang='lat' dir='ltr'><strong>Paulo),in</strong></span> <span class='ocrx_word' id='word_1_318' title='bbox 1138 3945 1199 4008; x_wconf 88' lang='lat' dir='ltr'><strong>quo</strong></span> <span class='ocrx_word' id='word_1_319' title='bbox 1214 3945 1345 4009; x_wconf 83' lang='lat' dir='ltr'><strong>parvum</strong></span> <span class='ocrx_word' id='word_1_320' title='bbox 1359 3931 1496 3993; x_wconf 88' lang='lat' dir='ltr'><strong>narratio</strong></span> 
     </span>
     <span class='ocr_line' id='line_1_35' title="bbox 221 4027 1497 4111; baseline -0.002 -17"><span class='ocrx_word' id='word_1_321' title='bbox 221 4031 336 4109; x_wconf 92' lang='lat' dir='ltr'><strong>locum,</strong></span> <span class='ocrx_word' id='word_1_322' title='bbox 358 4034 507 4110; x_wconf 87' lang='lat' dir='ltr'><strong>majorem</strong></span> <span class='ocrx_word' id='word_1_323' title='bbox 526 4029 693 4110; x_wconf 87' lang='lat' dir='ltr'><strong>descriptio</strong></span> <span class='ocrx_word' id='word_1_324' title='bbox 714 4027 843 4092; x_wconf 85' lang='lat' dir='ltr'><strong>obtinet.</strong></span> <span class='ocrx_word' id='word_1_325' title='bbox 872 4028 979 4091; x_wconf 84' lang='lat' dir='ltr'><strong>Cetera</strong></span> <span class='ocrx_word' id='word_1_326' title='bbox 1006 4027 1142 4090; x_wconf 89' lang='lat' dir='ltr'><strong>carmina</strong></span> <span class='ocrx_word' id='word_1_327' title='bbox 1168 4027 1206 4092; x_wconf 90' lang='lat' dir='ltr'><strong>ad</strong></span> <span class='ocrx_word' id='word_1_328' title='bbox 1226 4028 1379 4108; x_wconf 89' lang='lat' dir='ltr'><strong>rationem</strong></span> <span class='ocrx_word' id='word_1_329' title='bbox 1404 4046 1497 4111; x_wconf 90' lang='lat' dir='ltr'><strong>supra</strong></span> 
     </span>
     <span class='ocr_line' id='line_1_36' title="bbox 222 4128 544 4192; baseline -0.003 -2"><span class='ocrx_word' id='word_1_330' title='bbox 222 4129 335 4192; x_wconf 86' lang='lat' dir='ltr'><strong>dictem</strong></span> <span class='ocrx_word' id='word_1_331' title='bbox 350 4128 544 4191; x_wconf 84' lang='lat' dir='ltr'><strong>referuntur.</strong></span> 
     </span>
    </p>

    <p class='ocr_par' dir='ltr' id='par_1_5' title="bbox 221 4224 1495 4897">
     <span class='ocr_line' id='line_1_37' title="bbox 262 4224 1495 4305; baseline -0.002 -15"><span class='ocrx_word' id='word_1_332' title='bbox 262 4227 396 4291; x_wconf 89' lang='lat' dir='ltr'><strong>Diversis</strong></span> <span class='ocrx_word' id='word_1_333' title='bbox 411 4234 512 4289; x_wconf 91' lang='lat' dir='ltr'><strong>tamen</strong></span> <span class='ocrx_word' id='word_1_334' title='bbox 530 4225 627 4289; x_wconf 89' lang='lat' dir='ltr'><strong>modis</strong></span> <span class='ocrx_word' id='word_1_335' title='bbox 642 4242 712 4305; x_wconf 85' lang='lat' dir='ltr'><strong>pars</strong></span> <span class='ocrx_word' id='word_1_336' title='bbox 727 4226 812 4305; x_wconf 91' lang='lat' dir='ltr'><strong>epica</strong></span> <span class='ocrx_word' id='word_1_337' title='bbox 829 4225 933 4305; x_wconf 78' lang='lat' dir='ltr'><strong>lyricae</strong></span> <span class='ocrx_word' id='word_1_338' title='bbox 948 4225 1026 4304; x_wconf 88' lang='lat' dir='ltr'><strong>parti</strong></span> <span class='ocrx_word' id='word_1_339' title='bbox 1043 4224 1195 4304; x_wconf 74' lang='lat' dir='ltr'><strong>iungitur.</strong></span> <span class='ocrx_word' id='word_1_340' title='bbox 1212 4225 1397 4305; x_wconf 88' lang='lat' dir='ltr'><strong>Plerumque</strong></span> <span class='ocrx_word' id='word_1_341' title='bbox 1412 4226 1495 4288; x_wconf 91' lang='lat' dir='ltr'><strong>euim</strong></span> 
     </span>
     <span class='ocr_line' id='line_1_38' title="bbox 222 4324 1493 4405; baseline -0.003 -15"><span class='ocrx_word' id='word_1_342' title='bbox 222 4326 408 4390; x_wconf 88' lang='lat' dir='ltr'><strong>Prudentius</strong></span> <span class='ocrx_word' id='word_1_343' title='bbox 432 4341 489 4405; x_wconf 88' lang='lat' dir='ltr'><strong>per</strong></span> <span class='ocrx_word' id='word_1_344' title='bbox 512 4341 659 4388; x_wconf 86' lang='lat' dir='ltr'><strong>excursus</strong></span> <span class='ocrx_word' id='word_1_345' title='bbox 683 4325 877 4388; x_wconf 87' lang='lat' dir='ltr'><strong>narrationes</strong></span> <span class='ocrx_word' id='word_1_346' title='bbox 898 4325 1028 4387; x_wconf 90' lang='lat' dir='ltr'><strong>inducit.</strong></span> <span class='ocrx_word' id='word_1_347' title='bbox 1043 4325 1086 4386; x_wconf 91' lang='lat' dir='ltr'><strong>lta</strong></span> <span class='ocrx_word' id='word_1_348' title='bbox 1110 4341 1143 4386; x_wconf 91' lang='lat' dir='ltr'><strong>se</strong></span> <span class='ocrx_word' id='word_1_349' title='bbox 1164 4341 1213 4387; x_wconf 90' lang='lat' dir='ltr'><strong>res</strong></span> <span class='ocrx_word' id='word_1_350' title='bbox 1237 4324 1330 4387; x_wconf 90' lang='lat' dir='ltr'><strong>lrabet</strong></span> <span class='ocrx_word' id='word_1_351' title='bbox 1350 4327 1441 4404; x_wconf 86' lang='lat' dir='ltr'><strong>vulgo</strong></span> <span class='ocrx_word' id='word_1_352' title='bbox 1462 4327 1493 4386; x_wconf 90' lang='lat' dir='ltr'><strong>in</strong></span> 
     </span>
     <span class='ocr_line' id='line_1_39' title="bbox 222 4423 1494 4504; baseline -0.005 -15"><span class='ocrx_word' id='word_1_353' title='bbox 222 4424 310 4489; x_wconf 86' lang='lat' dir='ltr'><strong>Ceth.</strong></span> <span class='ocrx_word' id='word_1_354' title='bbox 325 4425 373 4487; x_wconf 86' lang='lat' dir='ltr'><strong>Pit</strong></span> <span class='ocrx_word' id='word_1_355' title='bbox 388 4432 490 4488; x_wconf 90' lang='lat' dir='ltr'><strong>tamen</strong></span> <span class='ocrx_word' id='word_1_356' title='bbox 505 4424 588 4486; x_wconf 90' lang='lat' dir='ltr'><strong>haud</strong></span> <span class='ocrx_word' id='word_1_357' title='bbox 608 4441 678 4487; x_wconf 89' lang='lat' dir='ltr'><strong>raro</strong></span> <span class='ocrx_word' id='word_1_358' title='bbox 700 4431 734 4487; x_wconf 92' lang='lat' dir='ltr'><strong>ut</strong></span> <span class='ocrx_word' id='word_1_359' title='bbox 754 4424 875 4504; x_wconf 90' lang='lat' dir='ltr'><strong>epicum</strong></span> <span class='ocrx_word' id='word_1_360' title='bbox 898 4440 995 4502; x_wconf 82' lang='lat' dir='ltr'><strong>genus</strong></span> <span class='ocrx_word' id='word_1_361' title='bbox 1011 4439 1073 4486; x_wconf 91' lang='lat' dir='ltr'><strong>non</strong></span> <span class='ocrx_word' id='word_1_362' title='bbox 1088 4423 1159 4502; x_wconf 82' lang='lat' dir='ltr'><strong>&#39;jam</strong></span> <span class='ocrx_word' id='word_1_363' title='bbox 1179 4438 1235 4502; x_wconf 91' lang='lat' dir='ltr'><strong>per</strong></span> <span class='ocrx_word' id='word_1_364' title='bbox 1255 4439 1421 4486; x_wconf 86' lang='lat' dir='ltr'><strong>excursum</strong></span> <span class='ocrx_word' id='word_1_365' title='bbox 1442 4429 1494 4486; x_wconf 89' lang='lat' dir='ltr'><strong>eut</strong></span> 
     </span>
     <span class='ocr_line' id='line_1_40' title="bbox 221 4519 1495 4602; baseline -0.003 -17"><span class='ocrx_word' id='word_1_366' title='bbox 221 4522 457 4600; x_wconf 88' lang='lat' dir='ltr'><strong>deverticulum,</strong></span> <span class='ocrx_word' id='word_1_367' title='bbox 472 4522 527 4585; x_wconf 90' lang='lat' dir='ltr'><strong>sed</strong></span> <span class='ocrx_word' id='word_1_368' title='bbox 552 4530 660 4584; x_wconf 89' lang='lat' dir='ltr'><strong>tenore</strong></span> <span class='ocrx_word' id='word_1_369' title='bbox 684 4523 836 4585; x_wconf 90' lang='lat' dir='ltr'><strong>constanti</strong></span> <span class='ocrx_word' id='word_1_370' title='bbox 856 4529 887 4584; x_wconf 92' lang='lat' dir='ltr'><strong>et</strong></span> <span class='ocrx_word' id='word_1_371' title='bbox 913 4530 1020 4602; x_wconf 86' lang='lat' dir='ltr'><strong>aperto</strong></span> <span class='ocrx_word' id='word_1_372' title='bbox 1047 4521 1159 4585; x_wconf 89' lang='lat' dir='ltr'><strong>itinere</strong></span> <span class='ocrx_word' id='word_1_373' title='bbox 1186 4529 1365 4599; x_wconf 89' lang='lat' dir='ltr'><strong>usurpetur.</strong></span> <span class='ocrx_word' id='word_1_374' title='bbox 1389 4519 1439 4584; x_wconf 90' lang='lat' dir='ltr'><strong>Sic</strong></span> <span class='ocrx_word' id='word_1_375' title='bbox 1463 4521 1495 4582; x_wconf 95' lang='lat' dir='ltr'><strong>in</strong></span> 
     </span>
     <span class='ocr_line' id='line_1_41' title="bbox 223 4613 1495 4700; baseline -0.004 -17"><span class='ocrx_word' id='word_1_376' title='bbox 223 4621 333 4683; x_wconf 88' lang='lat' dir='ltr'><strong>Perist.</strong></span> <span class='ocrx_word' id='word_1_377' title='bbox 349 4619 414 4683; x_wconf 89' lang='lat' dir='ltr'><strong>lere</strong></span> <span class='ocrx_word' id='word_1_378' title='bbox 429 4620 587 4696; x_wconf 90' lang='lat' dir='ltr'><strong>omnihus;</strong></span> <span class='ocrx_word' id='word_1_379' title='bbox 600 4621 666 4697; x_wconf 88' lang='lat' dir='ltr'><strong>jam</strong></span> <span class='ocrx_word' id='word_1_380' title='bbox 680 4619 713 4682; x_wconf 91' lang='lat' dir='ltr'><strong>in</strong></span> <span class='ocrx_word' id='word_1_381' title='bbox 727 4613 816 4683; x_wconf 75' lang='lat' dir='ltr'><strong>esdr.</strong></span> <span class='ocrx_word' id='word_1_382' title='bbox 832 4617 872 4682; x_wconf 89' lang='lat' dir='ltr'><strong>lll</strong></span> <span class='ocrx_word' id='word_1_383' title='bbox 889 4617 939 4700; x_wconf 90' lang='lat' dir='ltr'><strong>(de</strong></span> <span class='ocrx_word' id='word_1_384' title='bbox 951 4620 1034 4684; x_wconf 89' lang='lat' dir='ltr'><strong>omni</strong></span> <span class='ocrx_word' id='word_1_385' title='bbox 1048 4619 1136 4698; x_wconf 81' lang='lat' dir='ltr'><strong>hora)</strong></span> <span class='ocrx_word' id='word_1_386' title='bbox 1152 4617 1202 4681; x_wconf 81' lang='lat' dir='ltr'><strong>ulti</strong></span> <span class='ocrx_word' id='word_1_387' title='bbox 1219 4619 1318 4680; x_wconf 91' lang='lat' dir='ltr'><strong>omnis</strong></span> <span class='ocrx_word' id='word_1_388' title='bbox 1331 4617 1416 4680; x_wconf 86' lang='lat' dir='ltr'><strong>Pidei</strong></span> <span class='ocrx_word' id='word_1_389' title='bbox 1432 4617 1495 4679; x_wconf 91' lang='lat' dir='ltr'><strong>his-</strong></span> 
     </span>
     <span class='ocr_line' id='line_1_42' title="bbox 223 4699 1493 4800; baseline 0 -22"><span class='ocrx_word' id='word_1_390' title='bbox 223 4718 312 4796; x_wconf 89' lang='lat' dir='ltr'><strong>toria,</strong></span> <span class='ocrx_word' id='word_1_391' title='bbox 327 4719 414 4799; x_wconf 89' lang='lat' dir='ltr'><strong>epioo</strong></span> <span class='ocrx_word' id='word_1_392' title='bbox 427 4735 527 4797; x_wconf 90' lang='lat' dir='ltr'><strong>more,</strong></span> <span class='ocrx_word' id='word_1_393' title='bbox 542 4717 714 4798; x_wconf 79' lang='lat' dir='ltr'><strong>generatim</strong></span> <span class='ocrx_word' id='word_1_394' title='bbox 728 4699 929 4794; x_wconf 72' lang='lat' dir='ltr'><strong>describitur3</strong></span> <span class='ocrx_word' id='word_1_395' title='bbox 946 4735 1072 4800; x_wconf 91' lang='lat' dir='ltr'><strong>prorsus</strong></span> <span class='ocrx_word' id='word_1_396' title='bbox 1087 4724 1119 4779; x_wconf 91' lang='lat' dir='ltr'><strong>et</strong></span> <span class='ocrx_word' id='word_1_397' title='bbox 1134 4713 1275 4779; x_wconf 89' lang='lat' dir='ltr'><strong>absolute</strong></span> <span class='ocrx_word' id='word_1_398' title='bbox 1295 4715 1326 4778; x_wconf 91' lang='lat' dir='ltr'><strong>iu</strong></span> <span class='ocrx_word' id='word_1_399' title='bbox 1339 4715 1447 4778; x_wconf 92' lang='lat' dir='ltr'><strong>Perist.</strong></span> <span class='ocrx_word' id='word_1_400' title='bbox 1465 4715 1493 4778; x_wconf 90' lang='lat' dir='ltr'>X</span> 
     </span>
     <span class='ocr_line' id='line_1_43' title="bbox 224 4815 1494 4897; baseline -0.002 -17"><span class='ocrx_word' id='word_1_401' title='bbox 224 4815 273 4896; x_wconf 87' lang='lat' dir='ltr'><strong>(de</strong></span> <span class='ocrx_word' id='word_1_402' title='bbox 298 4817 461 4892; x_wconf 85' lang='lat' dir='ltr'><strong>Romano).</strong></span> <span class='ocrx_word' id='word_1_403' title='bbox 486 4817 541 4881; x_wconf 86' lang='lat' dir='ltr'><strong>Est</strong></span> <span class='ocrx_word' id='word_1_404' title='bbox 559 4816 611 4882; x_wconf 91' lang='lat' dir='ltr'><strong>ubi</strong></span> <span class='ocrx_word' id='word_1_405' title='bbox 636 4815 770 4880; x_wconf 88' lang='lat' dir='ltr'><strong>narratio</strong></span> <span class='ocrx_word' id='word_1_406' title='bbox 797 4823 940 4880; x_wconf 90' lang='lat' dir='ltr'><strong>accurate</strong></span> <span class='ocrx_word' id='word_1_407' title='bbox 964 4816 1115 4897; x_wconf 90' lang='lat' dir='ltr'><strong>prooemio</strong></span> <span class='ocrx_word' id='word_1_408' title='bbox 1139 4815 1329 4892; x_wconf 89' lang='lat' dir='ltr'><strong>inuectatur,</strong></span> <span class='ocrx_word' id='word_1_409' title='bbox 1356 4830 1409 4877; x_wconf 90' lang='lat' dir='ltr'><strong>seu</strong></span> <span class='ocrx_word' id='word_1_410' title='bbox 1435 4829 1494 4893; x_wconf 90' lang='lat' dir='ltr'><strong>per</strong></span> 
     </span>
    </p>
   </div>
   <div class='ocr_carea' id='block_1_5' title="bbox 0 0 1824 5670">
    <p class='ocr_par' dir='ltr' id='par_1_6' title="bbox 0 0 1824 5670">
     <span class='ocr_line' id='line_1_44' title="bbox 0 0 1824 5670; baseline 0 0"><span class='ocrx_word' id='word_1_411' title='bbox 0 0 1824 5670; x_wconf 95' lang='lat' dir='ltr'><strong> </strong></span> 
     </span>
    </p>
   </div>
  </div>
 </body>
</html>
