3592 5668
338 634 440 692 tentos
462 645 500 692 ex
520 633 565 691 tot
582 627 722 693 hostibus
743 625 926 710 triumphos
956 629 1119 694 retulerit:
1146 637 1253 695 omnes
1279 625 1354 691 inde
1376 643 1454 706 quos
1479 623 1611 706 subjecit

334 727 436 791 ‘insius
444 734 621 804 enumerat,
630 732 661 792 et
673 745 690 792 a
700 728 823 793 iericho
835 729 981 792 sualaeta
993 734 1146 809 repetens,
1157 728 1197 792 ad
1208 723 1323 790 'ludam
1333 736 1435 806 usipus
1447 726 1541 804 longo
1553 731 1612 790 tra·

336 825 414 888 mite
428 825 575 890 decurrit.
598 827 689 903 Dein,
713 834 758 903 ut,
779 827 872 890 sinon
892 827 997 904 armis,
1024 826 1096 890 dolo
1115 824 1225 890 saltem
1252 816 1444 905 «palmam»
1470 823 1609 904 arripiat,

339 941 453 987 novam
467 925 602 1004 speciem
617 932 647 988 et
661 924 804 988 fallacem
818 925 938 988 induit:
956 926 1203 1004 htvirtus'uuam
1212 929 1388 988 memorant
1396 924 1500 986 Fruar.
1513 921 1611 1000 liujus

226 1092 230 1103 ,
337 1038 479 1102 persone
504 1023 667 1086 mendacio
696 1023 847 1103 plurimos
881 1023 987 1086 illudit
1014 1030 1045 1086 et
1076 1029 1210 1101 stragem
1236 1028 1337 1100 strage
1362 1021 1510 1097 cumulat,
1539 1029 1612 1083 cum

339 1120 508 1184 virtutihus
522 1121 710 1185 auxiliatum
731 1123 887 1185 succurrit
908 1117 1057 1187 orsnxrro.
1080 1122 1147 1196 Quo
1167 1121 1293 1183 nomine
1311 1115 1499 1186 Prudentius
1516 1119 1612 1198 signi·

338 1220 410 1282 sicat
423 1235 518 1298 opera
533 1220 667 1284 caritatis
677 1221 963 1299 beneficiorumque
975 1220 1183 1299 largitionem.
1198 1215 1336 1299 meam
1349 1224 1453 1281 autem
1464 1217 1613 1285 Auertite

338 1317 443 1382 iauoes
457 1317 546 1380 elidit
559 1323 590 1382 et
602 1336 692 1382 suam
705 1319 869 1382 victoriam
883 1319 988 1384 verhis
997 1318 1133 1383 extollit.

379 1415 526 1481 Victrices
551 1417 718 1497 phalanges
743 1418 775 1480 in
800 1425 898 1484 castra
924 1418 989 1496 jam
1015 1417 1185 1480 reducebat
1207 1417 1390 1491 Cottonara,
1415 1429 1487 1488 cum
1511 1414 1611 1477 latens

338 1531 409 1578 eam
422 1514 638 1594 inopinantem
651 1517 784 1580 vulnere
798 1515 884 1579 ledit
897 1517 1064 1593 Drscoaon,
1081 1529 1176 1594 quam
1196 1513 1348 1594 arripiens
1369 1511 1610 1589 cumulavimus,

340 1613 479 1691 linguam
494 1614 576 1680 terro
585 1613 832 1678 transverberat.

380 1711 460 1773 lum
473 1711 613 1774 tribunal
622 1711 734 1776 mediis
745 1711 779 1775 in
795 1713 901 1776 castris
913 1713 1054 1792 erigitur,
1069 1713 1102 1774 in
1117 1727 1179 1791 quo
1193 1713 1278 1774 Frons
1291 1716 1323 1774 et
1333 1711 1497 1774 Gunoonma
1512 1709 1612 1774 consi·

339 1809 428 1886 dunt,
450 1815 485 1872 ut
514 1809 587 1874 inda
613 1811 704 1890 longe
726 1810 850 1890 lateque
874 1811 984 1892 uigiles
1006 1809 1269 1890 circumspiciant.
1297 1809 1444 1874 Oratione
1469 1808 1557 1888 prior
1578 1807 1612 1872 in

338 1907 527 1980 immensum
547 1909 719 1974 effunditur
738 1907 901 1972 Goucorda'u
922 1916 952 1974 et
971 1928 1078 1974 omnes
1098 1914 1133 1972 ut
1154 1923 1263 1988 pacem
1283 1903 1471 1988 componant
1488 1906 1609 1969 suadet.

339 2007 373 2068 ln
400 2007 577 2083 Photinum,
604 2008 637 2070 in
661 2007 789 2071 Arrium
806 2008 927 2072 invehit
949 2009 1062 2084 multa,
1089 2009 1180 2088 lupos
1208 2007 1326 2072 scilicet
1347 2006 1401 2086 qui
1424 2007 1482 2068 suh
1504 2005 1614 2067 ovium

339 2105 456 2168 vellere
471 2106 602 2170 latitant.
619 2107 686 2187 lpsa
702 2105 829 2185 quidem
845 2107 1009 2170 vulnerata
1025 2112 1081 2182 est,
1098 2124 1160 2185 quo
1175 2106 1272 2186 magis
1287 2105 1455 2168 Discordiaa
1471 2101 1611 2183 pericula

339 2203 500 2267 manifesta
515 2205 638 2268 fierent.
655 2205 744 2267 Fides
758 2205 897 2284 alloquio
913 2205 1112 2268 Concordiam
1133 2207 1306 2268 coufirmat.
1328 2205 1413 2267 Duce
1434 2210 1465 2266 et
1486 2199 1613 2281 auspice

339 2300 412 2362 Fide
426 2301 504 2364 nihil
520 2302 691 2364 Concordiae
704 2301 878 2365 timendum
894 2302 1065 2365 contendit.
1081 2303 1243 2382 Templum
1262 2285 1478 2365 aedificandum
1493 2305 1611 2362 monet.

339 2396 488 2461 Caicum
516 2415 623 2463 omnes
646 2401 736 2480 operi·
760 2415 828 2464 sese
856 2401 1032 2479 accingant,
1060 2406 1090 2462 et
1117 2391 1293 2480 permixtim
1325 2405 1533 2478 congerantur
1556 2415 1612 2475 aes,

338 2504 512 2577 argentum,
537 2515 657 2573 aurum,
680 2499 867 2580 margaritae,
890 2515 1031 2581 gemmae,
1055 2499 1221 2580 smaragdi,
1251 2499 1338 2562 hreni
1358 2497 1614 2578 magnificentius

338 2613 430 2676 quam
454 2597 591 2676 pulcrius
615 2605 852 2662 monumentum
871 2598 1012 2679 erigitur,
1034 2599 1067 2665 in
1088 2615 1149 2678 quo
1176 2597 1300 2665 tandem
1317 2585 1479 2676 ¹Sapientia
1500 2595 1614 2660 sedens

338 2696 484 2760 universo
498 2702 652 2762 terrarum
665 2697 732 2761 orhi
747 2697 935 2762 dominatur.
969 2728 972 2734 =

378 2795 617 2872 rspeuomacm'u
632 2802 677 2859 est
698 2812 807 2876 poema
822 2795 953 2875 varium,
975 2795 1166 2870 distinctum,
1187 2795 1253 2860 iere
1272 2811 1398 2875 semper
1416 2798 1484 2860 sine
1505 2794 1612 2858 taedio.

338 2892 468 2956 Videtur
482 2893 513 2956 in
531 2893 589 2956 hoc
602 2911 698 2977 opere
712 2892 906 2971 Prudentius,
923 2900 1085 2974 postquam
1101 2894 1304 2975 philosophie
1319 2893 1495 2958 reconditas
1509 2900 1615 2972 partes

338 2991 462 3078 penitus
482 2992 687 3082 introspicere
709 2992 796 3058 nisus
820 2999 900 3072 erat,
923 2993 1067 3068 feliciter,
1089 2993 1145 3058 sed
1168 3009 1231 3058 nou
1257 2992 1325 3056 sine
1344 2992 1451 3056 labore
1472 2998 1613 3070 conatus,

314 3084 406 3154 'sese
422 3091 471 3172 pio
486 3099 517 3156 et
532 3092 620 3156 docto
636 3093 707 3172 joco
729 3093 896 3159 remisisse.
919 3091 988 3158 Suis
1010 3092 1094 3156 enim
1117 3091 1210 3170 vitiis,
1233 3091 1432 3171 ignoscendis
1453 3091 1613 3172 equidem,

338 3187 388 3252 vel
415 3190 574 3274 speciosis,
597 3192 740 3257 omnihus
767 3192 920 3272 indulget,
945 3208 1016 3256 eum
1038 3198 1070 3253 et
1094 3192 1125 3254 iu
1149 3192 1261 3258 effusas
1284 3191 1472 3272 festinusque
1499 3189 1616 3254 descri-

339 3277 460 3371 ptiones
482 3290 682 3370 exspolietur,
705 3295 737 3352 et
757 3297 892 3372 argutas,
915 3289 1054 3354 curiosas
1072 3289 1224 3369 imagines
1243 3296 1429 3370 aucupetur,
1456 3295 1497 3351 et·
1510 3288 1615 3352 effusis

338 3386 481 3468 praeludit
494 3386 695 3465 orationihus,
710 3405 788 3470 quas
802 3395 920 3470 postea,
935 3390 1033 3467 magis
1048 3395 1079 3452 et
1093 3388 1203 3468 magis,
1219 3387 1340 3469 patulas
1352 3404 1415 3452 uec
1428 3405 1498 3461 ,nou
1512 3387 1616 3460 decla-3

338 3485 488 3552 aratorias.
499 3485 579 3548 colet
590 3485 779 3570 leuchdune.
795 3486 889 3566 Quin,
904 3504 945 3550 ne
960 3485 1041 3552 sales
1056 3487 1181 3568 quidem
1196 3494 1292 3564 arcet,
1308 3503 1325 3552 a
1339 3487 1462 3568 quihus,
1474 3487 1617 3552 materiei

339 3599 441 3662 causa,
454 3584 533 3648 solet
544 3583 576 3648 in
588 3584 733 3664 operibus
749 3585 930 3664 abhorrere,
946 3585 1056 3666 quihus
1070 3593 1174 3648 tamen
1191 3586 1315 3651 uidetur
1336 3583 1497 3666 paululum
1517 3585 1618 3650 indul·

338 3682 413 3746 sisse
428 3682 478 3764 (¹).
497 3681 632 3746 Primum
646 3683 824 3768 exemplum
838 3684 1079 3764 Psychomucht'o
1091 3690 1141 3747 est
1161 3684 1193 3746 in
1214 3684 1457 3753 occidentalibus
1477 3684 1618 3764 partitus

338 3781 420 3845 illius
438 3781 540 3862 poesis
566 3784 740 3861 συμόολικῆς
761 3782 813 3862 qui
834 3788 920 3846 tanto
942 3789 1047 3864 postea
1070 3784 1102 3845 in
1124 3783 1244 3848 honore
1264 3783 1333 3860 fuit,
1350 3782 1466 3848 uther
1485 3784 1527 3848 sit
1546 3783 1620 3848 Pru-

340 3880 437 3944 dentii
451 3880 518 3946 laus
533 3881 615 3964 quod
636 3897 700 3946 uon
723 3881 823 3944 sotum
842 3882 1017 3963 praecipuus
1037 3882 1120 3946 inter
1138 3881 1253 3962 lyricos
1268 3883 1466 3960 christianos,
1488 3883 1620 3948 eximius

339 3980 421 4042 inter
446 3979 647 4058 dogmaticos,
669 3980 723 4044 sed
744 3986 853 4046 auctor
874 3980 940 4045 iere
955 3981 1049 4046 luerit
1067 3981 1226 4061 allegorici
1250 3981 1406 4060 carminis,
1430 3981 1519 4060 cujus
1547 3997 1619 4048 rara

339 4084 459 4142 tantum
472 4085 503 4142 et
519 4078 623 4142 hrevia
639 4079 766 4158 vestigia
778 4080 860 4160 apud
871 4071 1069 4145 Ambrosium
1080 4085 1243 4160 apparent.
1256 4081 1333 4146 inde
1345 4081 1509 4151 uelehritas
1520 4081 1621 4148 oritur

339 4195 399 4260 qua
416 4176 653 4258 Psychcmuche'u
666 4178 767 4242 media
782 4184 872 4244 etate
893 4179 985 4245 truita
1006 4187 1064 4242 est.
1087 4179 1225 4244 Diximus
1242 4179 1312 4258 ,jam
1333 4196 1391 4260 uua
1416 4169 1502 4258 curu,
1526 4193 1621 4260 quara

340 4278 489 4360 peculiari
504 4277 726 4363 mediauletatis
738 4277 858 4342 librarii
873 4279 1145 4358 Psychemurlu'om
1159 4279 1326 4355 coluerint,
1345 4280 1485 4360 duosque
1495 4279 1620 4347 codices

339 4377 589 4454 memoravimus,
606 4392 738 4457 quorum
753 4377 886 4446 alterum
899 4377 1049 4443 Weitzias
1067 4377 1215 4456 versavit,
1230 4378 1309 4445 alter
1324 4377 1379 4441 tihi
1394 4377 1470 4445 licet
1490 4394 1618 4445 uersam

340 4475 464 4540 Parisiis
479 4476 510 4538 in
525 4474 713 4539 Bibliotheca
730 4475 811 4538 dicta
826 4476 979 4540 Nationali
993 4477 1030 4557 (l)
1048 4476 1079 4539 in
1097 4477 1208 4557 quihus
1222 4479 1331 4557 liguris
1344 4477 1451 4541 multis
1466 4485 1498 4541 et
1518 4477 1619 4542 multi-

369 4636 400 4702 (1)
411 4635 617 4702 reputaturus
629 4635 744 4688 avaritia
756 4634 909 4692 disserens:
923 4655 936 4681 ι
945 4635 1016 4700 Quin
1027 4636 1098 4704 ipsus
1109 4641 1238 4704 temptare
1248 4637 1378 4700 memmei
1386 4593 1493 4696 credere
1501 4637 1617 4703 dignum

339 4723 384 4778 est,
396 4719 468 4796 desc
478 4715 625 4772 sacerdotes
637 4715 755 4778 metet,
768 4715 817 4782 qut
826 4715 923 4782 pretio
932 4715 1004 4781 forta
1014 4717 1140 4772 ducturas
1149 4718 1272 4786 priosum
1284 4720 1349 4771 som
1363 4718 1453 4771 aciem
1469 4731 1518 4785 pru
1536 4719 1618 4776 huda

339 4797 509 4945 9ῗὲῗὲοὲ
521 4879 693 4933 Golhertinus
704 4878 773 4932 8085.
