3640 5670
751 1274 911 1366 CAPUT
948 1276 1171 1374 QUINTUM

389 1529 450 1596 De
473 1530 712 1602 Prudentii
733 1533 1005 1615 inventione,
1027 1533 1339 1624 dispositione,
1360 1533 1539 1603 dicendi

752 1658 917 1728 genere
937 1642 986 1708 in
1008 1643 1179 1726 lyricis

896 1901 1028 1913 ‚..-.....

629 2199 644 2278 ἓ
660 2200 682 2260 l.
700 2231 739 2244 -
753 2200 796 2262 De
810 2200 982 2264 inventione
996 2203 1075 2282 oport
1094 2201 1301 2265 Prndcniinrn.

371 2404 450 2468 Satis
462 2405 527 2484 jam
541 2404 642 2486 palam
664 2412 712 2468 est
732 2406 843 2486 quihus
858 2425 895 2470 er
917 2407 1052 2472 lontibus
1074 2423 1179 2472 rerum
1202 2409 1288 2489 copia
1304 2407 1385 2488 apud
1400 2407 1601 2472 Prudentium

330 2504 514 2568 manaverit.
557 2505 616 2567 Per
649 2522 682 2568 se
713 2505 870 2585 profluens
895 2507 991 2586 magis
1021 2524 1112 2587 quam
1149 2523 1223 2570 vere
1262 2507 1416 2587 copiosus,
1445 2508 1603 2586 propriam

330 2605 493 2667 materiem
530 2604 682 2668 modicam
716 2607 903 2686 suppeditat,
943 2623 1035 2686 quam
1075 2607 1183 2670 alienis
1206 2605 1456 2686 adventiciisque
1494 2605 1603 2685 opibus

331 2702 454 2781 supplet
474 2709 505 2765 et
526 2703 672 2766 cumulat.
696 2705 832 2784 Propriae
853 2705 920 2784 eius
943 2713 1016 2768 sunt
1036 2722 1167 2784 magnae,
1184 2705 1320 2784 insignes
1343 2710 1459 2784 partes,
1482 2703 1553 2778 illae,
1570 2702 1603 2767 ni

331 2799 432 2876 lellor,
458 2817 526 2879 quae
546 2818 620 2864 vere
647 2803 751 2882 lyricae
772 2810 857 2882 suut,
879 2821 954 2867 vere
976 2812 1098 2883 poetam
1119 2810 1231 2867 sonant
1266 2809 1298 2866 et
1319 2803 1456 2882 sapiunt,
1486 2802 1604 2866 scilicet

331 2898 493 2976 prooemia,
524 2900 680 2978 clausule,
716 2903 897 2985 ἀποστροφαὶ,
929 2918 1050 2982 preces,
1080 2901 1158 2964 adde
1186 2901 1233 2982 (ut
1262 2900 1401 2964 ecclesie
1429 2917 1605 2964 sermonem
1686 2930 1691 2940 ·

332 2997 494 3076 usurpem)
507 2997 578 3078 sirici
592 3006 672 3075 ncta,
690 3005 722 3061 et
735 3001 812 3078 spei,
832 3008 862 3062 et
878 3000 1070 3077 humilitatis,
1087 2999 1196 3080 quihus
1211 3000 1345 3064 carmina
1361 2998 1535 3063 innumeris
1549 2998 1605 3062 dis·

334 3096 527 3175 tinguuntur.
544 3098 642 3160 Pauca
658 3099 797 3177 exempla
813 3099 917 3178 accipe
934 3119 941 3161 ε
965 3101 1028 3162 lloc
1042 3099 1183 3178 estprimi
1198 3097 1438 3163 Cathemerinon
1454 3096 1578 3162 inillam
1594 3109 1603 3161 ‘i

685 3272 753 3324 Ales
766 3273 824 3325 diei
836 3273 964 3326 nuntius

687 3363 794 3414 Lucem
807 3364 1003 3429 propinquam
1015 3362 1150 3428 praecinit
1164 3381 1170 3414 :

688 3455 744 3504 Nos
759 3453 900 3506 excitator
913 3453 1064 3505 mentium
1112 3509 1118 3522 ¹

687 3545 753 3594 lam
765 3543 902 3596 Christus
915 3543 951 3596 ad
966 3543 1057 3595 vitam
1071 3545 1165 3596 vocat.

336 3701 417 3780 quod
434 3717 508 3764 sane
525 3703 641 3782 impetu
657 3708 688 3765 et
702 3701 833 3782 simplici
846 3702 1021 3780 granditate
1037 3701 1280 3765 commendatur.
1294 3701 1409 3764 Eadem
1423 3701 1460 3764 de
1479 3699 1607 3763 secundi

337 3800 576 3865 Cathemerinon
593 3801 680 3864 initio
696 3801 825 3865 dicenda
838 3810 909 3864 sunt
926 3821 933 3863 :

691 3976 753 4026 Nox
764 3976 793 4027 et
805 3974 935 4027 tenebree
948 3977 978 4028 et
992 3974 1104 4040 nubila,

690 4063 820 4116 Confusa
831 4063 937 4116 mundi
950 4067 980 4116 et
992 4063 1123 4132 turbida,

691 4155 755 4204 Lux
767 4154 871 4223 intrat,
886 4154 1010 4207 albescit
1022 4153 1118 4222 polus,

691 4243 828 4296 Christus
842 4243 924 4296 venit
936 4265 947 4306 :¹
956 4243 1104 4297 discedito.

382 4403 622 4468 Cathemerinon
640 4401 713 4464 noni
729 4403 823 4464 linem
849 4400 956 4464 audire
972 4401 1066 4463 liheat
1081 4400 1169 4480 cujus
1184 4399 1387 4480 amplitudine
1402 4403 1433 4462 et
1453 4398 1611 4478 maJestate

338 4503 471 4566 maxime
486 4520 535 4566 me
552 4500 739 4566 commoveri
755 4516 816 4562 non
833 4499 948 4562 infitior
965 4519 972 4562 :
1142 4494 1146 4501 '

535 4678 627 4729 Macte
638 4675 728 4739 judex
742 4678 938 4740 mortuorum,
953 4676 1048 4724 macte
1061 4686 1112 4724 rex
1125 4671 1300 4737 viventium,

535 4767 643 4818 Dexter
655 4765 686 4816 in
700 4763 831 4832 parentis
844 4775 909 4815 arce
923 4762 973 4828 qui
987 4761 1062 4814 cluis
1075 4761 1249 4828 virtutibus,

533 4855 673 4909 Omnium
687 4857 833 4906 venturus
846 4852 914 4904 inde
924 4835 1026 4915 justus
1040 4853 1119 4904 ultor
1132 4849 1305 4904 criminum.
