3592 5668
754 569 793 580 ..
814 535 852 598 21
877 567 913 581 .-

195 649 450 727 ulcu1a3llonrul
480 649 657 713 Srunscuuu
675 646 745 712 birri
760 652 835 723 dum·
857 651 1094 712 Puarsrurumcu
1114 649 1218 729 hymni
1232 648 1468 728 quatuordecim.

196 750 240 812 De
256 748 402 829 operibus
417 749 455 811 de
470 749 584 826 quibus
599 747 756 811 contentio
772 754 817 811 est
831 753 937 828 postea
952 747 1105 810 dicemus.

237 845 293 908 llic
307 846 384 908 ordo
409 845 587 925 probandus
614 844 704 907 nobis
732 844 868 919 videtur,
887 843 991 923 utqui
1008 861 1024 907 1
1040 842 1208 906 Ρ11161116
1228 842 1294 922 ipso
1315 859 1471 906 commen·

195 943 287 1007 detur
299 943 331 1006 in
343 941 525 1005 Praeiatione
533 940 690 1018 universa,
702 943 854 1020 nulloque
867 943 1055 1006 documento
1067 944 1219 1018 obstante,
1232 942 1403 1005 servandus
1413 947 1468 1005 est.
1521 941 1524 948 ’

195 1039 247 1102 Sic
271 1038 356 1103 enim
386 1039 445 1102 «16
465 1041 527 1114 mic
555 1039 690 1118 operibus
719 1045 766 1117 (ut
792 1040 882 1103 aiunt
908 1041 1022 1103 vetusti
1052 1039 1186 1120 codices)
1216 1039 1321 1118 incipit
1343 1039 1463 1102 diceres

196 1137 383 1221 Prudentius
398 1138 499 1217 (Praei.
517 1136 674 1212 universa,
693 1137 761 1212 lul:

406 1291 531 1357 hymnis
544 1293 699 1345 continuet
710 1292 773 1345 dies
788 1287 992 1362 [crnima'nmc]

406 1382 462 1434 Nec
474 1394 535 1434 nos
547 1382 610 1434 ulla
624 1385 707 1435 vacet
720 1382 793 1448 quin
805 1383 966 1435 Dominum
980 1384 1078 1435 canat.

232 1529 360 1594 Scilicet
375 1529 617 1594 Cathemerinon
633 1530 762 1608 hymnos
777 1528 946 1608 significan

405 1685 522 1748 Pugnet
534 1663 636 1736 contra
651 1684 968 1760 ltereseS,catholicnm
980 1684 1121 1737 discutiat
1134 1683 1234 1737 fldem.

235 1835 302 1909 Quo
319 1819 413 1897 versu
432 1849 495 1896 non
518 1832 612 1897 dubie
632 1839 663 1895 et
685 1832 723 1895 16
742 1831 1022 1914 Homortipcnicet
1041 1834 1078 1895 16
1099 1831 1259 1912 Apotheosi
1279 1831 1471 1896 mentionem

197 1932 281 2006 lacit,
303 1947 438 2010 quarum
463 1930 516 1994 1116
541 1929 703 1994 hereticos
735 1929 928 1993 «tributim»
957 1936 992 1993 ut
1012 1931 1056 1994 ait
1076 1932 1114 1994 de
1138 1930 1261 1994 Lucilio
1275 1929 1420 1994 Horatius
1441 1936 1472 1994 et

194 2029 381 2118 nominatim
401 2028 534 2102 lacessit,
552 2029 619 2090 hacc
641 2028 826 2092 catholicam
846 2029 936 2106 quasi
950 2046 988 2092 ex
1004 2030 1148 2093 cathedra
1172 2029 1261 2093 docet
1274 2028 1471 2110 explicatque

193 2128 298 2205 ladem,
316 2127 354 2191 de
369 2126 507 2190 trinitate
522 2125 655 2202 disserit,
673 2126 711 2188 16
726 2132 837 2190 natura
853 2127 919 2189 ilci.
937 2127 968 2190 Si
985 2127 1081 2206 igitur
1098 2127 1188 2190 nullo
1207 2127 1301 2190 modo
1317 2144 1333 2191 a
1349 2125 1471 2189 ratione

192 2242 287 2306 supra
319 2225 401 2290 dicta
437 2225 606 2288 desciscere
634 2225 796 2298 vellemus,
829 2231 986 2304 oporteret
1009 2224 1200 2305 Apotheosim
1232 2225 1472 2304 Homcrtipmim

191 2322 484 2398 6166616161161,
500 2324 645 2398 latemur,
658 2323 749 2385 nobis
763 2323 910 2402 placeret,
924 2322 1069 2386 Attamen
1082 2323 1398 2387 animadvertendum
1413 2328 1468 2397 est,

193 2421 331 2502 primum
346 2419 885 2500 61116661166161161611163616
901 2437 1009 2484 omnes
1028 2422 1219 2500 apotheosim
1237 2423 1386 2502 primum,
1402 2428 1472 2501 post

193 2519 469 2599 Humartipmicm,
510 2518 625 2582 deinde
665 2518 933 2598 Pspchomnchinm
970 2519 1068 2582 oculis
1105 2519 1235 2598 ollerre3
1274 2519 1403 2598 insuper
1440 2526 1471 2580 et

193 2615 383 2696 Apotbcocim
406 2622 438 2680 61
460 2616 725 2698 Hnmcrtipcm‘om
745 2617 782 2679 de
807 2615 918 2680 iisdem
941 2632 1016 2680 vere
1035 2618 1129 2680 rebus
1154 2633 1231 2680 esse.
1257 2617 1298 2678 Ut
1321 2615 1406 2678 enim
1432 2616 1470 2678 de

194 2714 347 2778 haereticis
370 2715 604 2794 Hcmcrtipmic
628 2714 759 2795 (scilicet
780 2715 818 2778 de
842 2715 1042 2790 Marcionitis,
1065 2714 1254 2802 Manichaeis,
1272 2713 1366 2789 aliisi,
1382 2713 1424 2776 ita
1440 2719 1471 2776 61

193 2814 370 2893 Apotheosis
393 2815 431 2877 de
456 2813 583 2878 Sabellii
608 2813 794 2889 fautoribus,
822 2814 860 2876 de
883 2813 1009 2890 ludaeis,
1036 2814 1074 2878 dc
1095 2813 1133 2876 iis
1152 2812 1207 2890 qui
1222 2829 1319 2876 unam
1347 2812 1381 2874 in
1406 2812 1470 2874 lieo

193 2927 358 2992 personam
379 2927 445 2976 esse
469 2911 675 2992 perhibebant
698 2916 819 2975 tractat.
847 2912 935 2975 Unde
954 2928 1019 2974 non
1044 2909 1199 2974 immerito
1222 2909 1349 2988 colligas
1371 2925 1470 2973 uuum

191 3008 282 3088 quasi
303 3025 413 3090 poema
433 3026 472 3072 61
495 3009 657 3088 Apotimosi
675 3017 708 3072 61
728 3009 962 3088 Homcrtipcnio
983 3015 1140 3085 constare3
1158 3025 1221 3086 quo
1241 3013 1331 3087 pacto
1355 3006 1382 3068 si
1402 3022 1470 3070 rem

192 3106 380 3182 consideres,
396 3107 510 3170 rectius
524 3107 582 3170 tihi
596 3107 754 3170 videbitur
770 3105 1033 3185 Hnmcrtipcnicm
1047 3123 1103 3186 pro
1119 3105 1313 3183 Apothcoccor
1333 3103 1469 3183 comple·

193 3209 299 3268 mento
319 3205 440 3281 haberi,
456 3222 527 3268 cum
536 3205 714 3284 Apotheosis
731 3204 858 3268 initium
874 3205 912 3266 de
929 3203 1076 3267 universo
1092 3219 1206 3283 genere
1220 3201 1293 3266 lidei
1309 3201 1470 3266 catholice

193 3309 264 3380 apat
280 3304 327 3382 (¹).
343 3303 496 3382 Denique,
514 3321 586 3368 cum
601 3303 787 3367 Prudentius
805 3303 870 3383 ipse
888 3319 981 3367 versu
998 3301 1090 3366 citato
1107 3308 1276 3380 utrumque
1291 3300 1470 3364 summatim

192 3418 303 3481 poema
317 3401 491 3481 significare
505 3401 611 3482 possit,
625 3418 689 3464 non
703 3400 778 3464 salis
794 3417 896 3464 causae
910 3405 957 3464 est
967 3417 1022 3464 cur
1032 3399 1178 3466 codicum
1187 3398 1316 3463 solitum
1327 3397 1470 3462 ordinem

193 3501 416 3563 conturbemus
432 3499 481 3580 (2).
1259 3516 1261 3522 ’

234 3596 378 3662 Succedit
400 3596 640 3677 Pspciomcchic
661 3614 724 3660 non
747 3596 841 3660 dubie
862 3597 923 3660 hoc
943 3613 1036 3660 versu
1056 3596 1156 3676 (Praei.
1184 3594 1272 3658 univ.
1300 3594 1351 3673 10)
1375 3592 1469 3674 signi-

194 3697 301 3759 licata:

546 3831 802 3884 Coumrlccbsccrc
814 3831 962 3896 gentium.

233 3969 428 4050 Pagauorum
459 3968 545 4032 enim
579 3969 763 4032 numinibus
792 3969 912 4031 bellum
943 3985 1037 4048 grave
1070 3967 1181 4031 indicit
1212 3965 1398 4030 Prudentius
1433 3966 1467 4030 in

191 4065 442 4147 Pmchomcchic,
460 4083 530 4146 quae
546 4066 625 4129 nihil
645 4065 731 4130 aliud
748 4072 793 4129 est
811 4065 871 4128 nisi
892 4065 1053 4128 Virtutum
1071 4081 1088 4128 1
1108 4064 1291 4130 Christianis
1312 4066 1467 4130 cultarum

191 4182 295 4247 pugna
329 4166 477 4229 adversus
510 4165 592 4229 Vitia
627 4165 738 4227 dilecta
770 4180 787 4226 a
820 4163 980 4238 Gentibus,
1018 4164 1088 4226 data
1116 4163 1291 4228 Virtutibus
1323 4163 1465 4242 victoria,

191 4263 444 4344 conculcatisque
457 4263 560 4327 Vitiis.

231 4361 316 4426 Nihil
326 4360 417 4425 aliud
436 4377 531 4440 quam
553 4359 663 4423 Contra
683 4359 897 4442 Symmachum
917 4359 1013 4424 libros
1034 4358 1208 4439 significare
1235 4364 1335 4440 potest
1358 4375 1466 4424 versus

192 4460 347 4524 universae
360 4458 552 4528 Praelationis
567 4460 603 4522 ll
623 4479 630 4522 :
1225 4477 1226 4482 ¹

540 4615 662 4678 111611,
676 4617 777 4678 mma,
792 4615 855 4668 tuis
868 4614 978 4668 inierat
992 4614 1086 4668 idolis.

223 4790 253 4855 (¹)
269 4791 308 4844 ct.
320 4790 420 4843 Baehr:
434 4790 479 4842 llic
489 4787 670 4843 1111116161
682 4787 798 4850 bicolor,
813 4804 838 4854 p⁴
853 4787 892 4840 79.

224 4869 256 4935 (²)
273 4871 311 4922 Gi.
320 4871 408 4922 Adoli.
417 4871 516 4948 Ebert:
529 4867 1244 4952 166611161161111111611161-1616111161611116161111,
1256 4867 1466 4935 pallidorum).
