3592 5668
741 526 904 590 ..qq-

190 642 308 707 ticuem
319 639 418 706 iubis
431 641 522 707 terris
537 640 797 730 animadvertam,
814 646 877 706 msc
892 641 1018 712 inorbo
1032 650 1062 707 et
1077 644 1109 708 iu
1125 643 1213 710 omlis
1235 660 1361 725 qaoque
1379 647 1461 712 hanc

188 740 453 821 pugnamuersari
464 739 710 817 hallucinantur,
721 740 941 821 duplicemque
953 741 1009 808 Dei
1021 748 1165 811 naturam
1178 743 1239 813 sibi
1251 761 1316 810 esso
1326 747 1458 826 turgum.

230 840 317 904 Unde
331 845 436 905 tamen
450 840 484 904 tlt
498 844 542 916 ut,
559 851 630 906 eum
646 856 738 916 unus,
760 844 791 902 et
810 840 911 904 bonus
926 839 991 917 ille,
1013 839 1122 906 existat
1143 843 1235 919 bens,
1253 849 1339 910 tante
1354 860 1460 914 rerum

189 938 371 1006 conludere
401 943 431 1002 et
452 938 610 1005 malorum
639 937 774 1004 collusio
804 938 1027 1018 permiscentur
1057 940 1163 1006 orbist
1185 941 1308 1008 Scilicet
1333 943 1460 1022 augelus
1559 1001 1561 1004 .

187 1037 325 1112 rebellis,
337 1037 424 1116 uelut
440 1036 577 1116 serpenti
588 1053 711 1102 ueneno
729 1037 833 1102 omnia
850 1043 995 1120 corrupta
1007 1039 1227 1119 pessumdedit.
1240 1039 1349 1107 Statim
1363 1047 1457 1120 terra,

188 1135 322 1214 benigna
347 1135 433 1215 prius
451 1142 483 1200 et
502 1135 624 1212 florida,
645 1149 846 1212 marcescere,
867 1136 989 1200 carduis
1010 1143 1041 1202 et
1054 1136 1157 1206 dumis
1172 1137 1334 1216 rigescere,
1359 1139 1460 1207 omnis

188 1234 365 1315 perturbari
391 1250 498 1300 rerum
519 1235 697 1298 concordia.
721 1235 777 1300 Hic
802 1251 896 1300 omne
918 1235 1078 1302 Prudentii
1102 1236 1259 1316 poeticum
1285 1238 1456 1318 ingenium,

187 1333 317 1396 materie
336 1333 428 1412 digna
447 1338 641 1410 occurrente,
658 1333 848 1413 exspatiatur
867 1339 898 1395 et
918 1333 1060 1398 exsultat.
1082 1333 1155 1398 llaec
1172 1340 1219 1396 est
1237 1351 1308 1414 pars
1327 1333 1460 1403 Homer·
1567 1373 1570 1378 -

188 1433 307 1512 repnte
320 1449 384 1496 non
398 1431 510 1508 solum,
527 1431 583 1494 sed
592 1431 740 1497 'omnium
758 1430 1041 1497 Prudentianorum
1055 1432 1185 1504 tortasse
1198 1433 1457 1513 splendidissima,

187 1547 251 1597 nou
269 1531 337 1594 sinc
358 1530 546 1607 vehementi,
565 1529 775 1596 descrihendis
796 1529 829 1594 in
851 1530 946 1607 vitiis,
965 1547 1036 1594 cum
1051 1530 1116 1609 jam
1139 1531 1295 1607 oriuntur,
1320 1532 1459 1599 adhibito

187 1629 316 1711 impetu,
332 1629 476 1704 stimulis,
493 1629 627 1708 flagello,
643 1628 802 1692 luvenalis
817 1629 914 1704 instar
929 1628 1099 1710 (ml-tlt).

226 1728 385 1805 Diabolus,
402 1727 538 1790 domitor
557 1727 698 1806 gentium
720 1734 860 1808 «penante
879 1729 974 1790 uictos
991 1728 1103 1792 ditione
1121 1728 1334 1808 triumphati»
1355 1728 1457 1812 (108);

187 1827 332 1912 Hebraeos
354 1825 501 1906 primum.
525 1825 680 1901 Quorsum
704 1826 841 1889 evadunt
867 1832 914 1889 tot
939 1832 970 1888 et
991 1830 1076 1889 tauta
1100 1827 1263 1904 miracula,
1286 1843 1357 1904 quaa
1377 1828 1459 1891 Deus

187 1924 283 1988 edidit
294 1929 329 1987 ut
339 1940 356 1987 a
367 1924 517 1988 servitute
529 1924 583 1988 illa
594 1924 938 1987 illosvindicaretiHac
950 1923 1111 1988 occasione
1119 1925 1313 1988 declamandi
1324 1932 1457 2006 reperta,

187 2040 281 2103 quarn
305 2022 418 2104 saepius
439 2028 529 2103 poeta
550 2028 657 2086 noster
682 2021 831 2103 aucupari
849 2021 983 2100 videtur,
1004 2029 1102 2086 ratem
1122 2023 1226 2100 solvit,
1251 2023 1458 2102 immissisque

186 2121 326 2197 habenis,
344 2121 533 2204 exspatiatur
548 2121 581 2185 in
597 2121 798 2184 immensum.

226 2220 386 2300 Multiplex
407 2219 491 2283 enim
516 2219 697 2284 tentationis
719 2222 831 2284 forma.
854 2220 933 2284 Sunt
958 2238 1013 2302 per
1032 2237 1104 2284 aera
1125 2227 1271 2300 vagantes
1295 2220 1350 2300 qui
1368 2220 1458 2284 nobis

186 2318 375 2381 insidientur
400 2318 556 2382 daemones
581 2323 612 2382 et
633 2335 699 2381 sese
732 2319 845 2383 nostris
872 2319 983 2383 animis
1014 2311 1187 2384 insinuent.¹
1200 2311 1359 2383 ¹Nostrum
1382 2336 1457 2382 vero

186 2417 343 2482 malorum
363 2418 413 2482 vel
435 2418 605 2483 acerrimus
626 2423 736 2482 auctor
758 2418 872 2497 cuique
893 2437 968 2484 suus
989 2419 1112 2484 animus
1127 2424 1181 2482 est.
1199 2419 1256 2484 Hie
1270 2418 1459 2484 Absalonem

187 2517 333 2580 adversus
345 2523 467 2602 patrem
481 2515 623 2580 armavit.
640 2517 771 2580 Pulchra
787 2524 929 2582 nostrum
943 2524 974 2582 et
988 2518 1094 2582 vivida
1109 2518 1222 2596 imago.
1238 2518 1316 2582 Nam
1337 2518 1460 2598 ‹pigui-

186 2631 253 2681 mms
266 2633 350 2680 omne
363 2615 477 2680 melum
486 2616 612 2696 proprie
627 2615 661 2678 dc
671 2622 791 2696 pectore
798 2639 812 2692 ;
825 2639 836 2674 o
866 2641 878 2674 c
891 2623 997 2681 nostre
1009 2624 1129 2698 pectore
1142 2622 1232 2682 eccos
1241 2617 1421 2702 parturient

403 2851 710 2872 ..................
717 2816 809 2869 versis
824 2816 874 2882 qui
887 2815 1023 2882 protinus
1037 2816 1069 2869 in
1081 2827 1135 2870 nos

399 2905 543 2960 Mercibus
556 2906 734 2960 insuescunt
745 2906 926 2972 gignentum
939 2907 1036 2962 vivere
1048 2906 1156 2998 poenis.
1171 2901 1245 2974 (570,
1259 2901 1322 2972 571)

226 3094 383 3168 Attamen,
400 3091 426 3154 si
440 3096 562 3156 tantum
576 3110 593 3156 a
609 3097 734 3172 peccato
750 3092 832 3157 Deus
847 3092 1004 3167 abhorret,
1021 3110 1077 3155 cur
1093 3090 1172 3156 illud
1189 3090 1306 3172 patitur
1320 3090 1407 3152 ossei
1421 3125 1460 3134 —

186 3194 253 3269 Quo
275 3193 368 3256 modo
383 3191 494 3256 lubens
508 3196 667 3271 pateretur
679 3191 760 3254 Deus
772 3190 904 3254 existere
918 3191 1048 3268 malurn,
1063 3190 1128 3270 qui,
1141 3192 1192 3254 vel
1203 3195 1272 3270 post
1285 3193 1457 3271 peccatum,

187 3291 348 3356 hominem
362 3305 486 3354 servare
501 3287 635 3352 nitituri
653 3325 692 3333 —
711 3289 786 3364 Quis
806 3295 909 3354 autem
930 3289 1030 3353 invito
1050 3288 1113 3352 Deo
1133 3305 1262 3369 peccare
1282 3286 1407 3352 valeati
1421 3323 1460 3332 —-

186 3389 363 3470 Respondet
399 3388 586 3452 Prudentius
623 3386 870 3470 philosophicam
909 3387 1080 3453 disserendi
1119 3387 1203 3451 viam
1241 3392 1272 3450 et
1306 3386 1460 3450 rationem

186 3491 344 3569 ingressus
376 3505 450 3552 rere
485 3486 686 3552 laudabilem.
714 3487 839 3551 Scilicet
867 3505 923 3550 nos
952 3487 1095 3550 libertate
1120 3488 1201 3550 Deus
1234 3486 1372 3562 donavit,
1398 3501 1459 3564 qua

185 3590 300 3652 nostris
315 3588 348 3653 in
363 3588 449 3650 lactis
464 3586 510 3650 vis
525 3588 639 3650 inesset
652 3586 863 3668 promerendi.
876 3586 1028 3650 Notabilis
1043 3586 1094 3649 hic
1109 3585 1206 3649 locus.
1219 3587 1288 3649 Non
1303 3601 1378 3648 sane
1393 3584 1460 3646 sine

186 3687 393 3751 admiratione
409 3687 514 3766 aliqua
528 3689 634 3750 noster
647 3685 826 3749 Laruartine
841 3675 990 3749 audiisset
1001 3699 1101 3748 unum
1112 3703 1149 3748 ex
1160 3684 1224 3748 suis
1239 3684 1314 3746 locis
1325 3683 1459 3745 manime

186 3785 362 3866 conspicuis
376 3785 536 3848 Prudentii
551 3784 692 3849 uersibus
705 3784 897 3868 persimilem
912 3802 987 3849 esse.
1006 3784 1109 3865 (Hem.
1121 3782 1252 3848 *oldest
1262 3817 1301 3830 -
1312 3782 1456 3856 bunnar,

187 3887 352 3950 erectores
367 3884 471 3948 incdit.
481 3885 562 3961 poet.
577 3883 641 3947 llll
658 3905 665 3947 ε
683 3883 727 3946 Le
743 3884 923 3946 Prouidencc
937 3885 957 3946 d
972 3882 1133 3964 l'ltomme.)

227 3985 293 4048 Hoc
313 3989 402 4066 pacto
421 3999 547 4064 serpens
567 3981 729 4046 fallacibus
747 3981 851 4046 verbis
872 3982 1025 4045 irretitam
1046 3981 1212 4044 mulierem
1233 3978 1395 4061 persuasit.
1417 3978 1459 4041 lta

185 4084 266 4147 Loth
280 4081 410 4162 eiusque
426 4098 506 4146 uxor
523 4081 592 4162 pari
610 4080 762 4145 libertatis
780 4081 909 4161 praemio
924 4079 1050 4155 muniti,
1067 4080 1121 4142 sed
1135 4078 1251 4143 virtute
1266 4093 1330 4142 uon
1344 4078 1460 4160 pariter

186 4187 321 4256 utentes,—
337 4180 417 4244 alter
435 4179 468 4242 in
488 4179 622 4244 alterum
641 4179 760 4262 exitum
781 4195 910 4242 cessere.
932 4178 1027 4241 Proin
1049 4179 1192 4242 libertate
1213 4177 1346 4258 quisque
1367 4176 1461 4240 luerit

187 4297 273 4354 rusus,
291 4295 364 4342 eum
379 4284 496 4342 aeterna
515 4283 620 4342 manet
638 4278 689 4342 vel
707 4276 817 4358 gloria,
834 4277 885 4340 vel
904 4284 1058 4340 aeternum
1073 4275 1285 4358 opprobrium.
1302 4275 1369 4349 Quo
1383 4291 1459 4336 vero

184 4378 284 4458 magis
299 4377 453 4456 intelligas
468 4381 544 4456 quot
559 4383 589 4439 et
604 4381 719 4455 quanta
740 4376 780 4438 sit
799 4376 980 4456 amplexura
1000 4375 1047 4437 vis
1065 4375 1172 4450 animi,
1189 4373 1330 4436 sensibus
1345 4373 1456 4448 exutis,

183 4475 395 4542 somniantem
408 4475 443 4540 in
452 4474 641 4558 ¹hpocalppsi
656 4481 799 4540 sanctum
813 4477 966 4540 loannem
979 4473 1037 4538 tibi
1052 4476 1159 4554 fingas.

226 4575 334 4640 Ultimi
353 4592 461 4638 versus
482 4575 723 4656 Hamartigeniae
749 4574 915 4654 (etl-966),
942 4591 1013 4638 cum
1042 4573 1196 4653 quandam,
1225 4577 1259 4636 ut
1281 4571 1457 4652 perhibent,

185 4675 369 4738 contineant
391 4674 527 4738 maxime
556 4673 616 4756 pie·
633 4673 761 4737 homine
791 4673 931 4752 indigna,
959 4679 994 4735 ut
1018 4671 1221 4735 Dresselianis
1248 4659 1352 4733 verbis
1376 4674 1456 4745 utar,

186 4773 347 4854 quidama
368 4773 535 4838 Prudentio
551 4773 820 4851 abjudicaverunt,
837 4774 897 4835 hoc
916 4772 1044 4854 insuper
1062 4771 1249 4850 imputantes
1268 4769 1362 4852 quod,
1379 4768 1405 4830 si
1422 4768 1459 4831 de

185 4871 369 4953 Purgatorio
385 4872 528 4937 credatur
542 4873 575 4937 in
591 4873 651 4936 hoc
660 4871 729 4937 loco
742 4888 808 4936 rem
820 4889 896 4962 esse,
910 4873 978 4940 baec
988 4869 1128 4938 doctrina
1139 4869 1265 4936 demum
1281 4886 1298 4933 a
1312 4868 1459 4952 Gregorio
