3640 5670
762 487 920 553 „pp-

457 668 534 682 .....
550 628 647 696 plauis
660 623 780 680 frdudat
791 623 828 680 ab
842 623 999 690 exsequiis.
1017 619 1142 692 (Parioi,
1157 625 1206 693 XI,
1223 621 1286 692 tao)

405 767 483 781 .....
499 741 537 781 ne
547 727 664 794 propria
677 729 761 780 vocet
773 725 905 791 angulus
917 723 1001 775 ullus
1012 720 1050 776 ab
1063 723 1179 776 umbra.
1195 718 1241 792 (C.
1256 719 1290 777 S.
1306 723 1342 790 11,
1357 719 1422 790 449)

247 871 304 948 Qui
322 878 425 936 autem
439 887 549 939 cacare
563 886 625 932 non
637 867 760 931 videtur
771 864 810 930 ab
827 864 988 946 requirere
1004 863 1064 927 nisi
1079 879 1242 944 personam
1255 863 1349 928 habet
1359 870 1479 946 partem

208 971 408 1050 subiectivam
424 973 454 1047 (‹
468 975 580 1032 vacant
594 969 632 1031 ab
647 977 741 1047 opere
755 965 895 1028 milites»
917 963 1019 1027 Caesar
1033 963 1111 1026 dixit
1128 983 1135 1027 :
1153 963 1203 1026 iric
1222 962 1366 1027 distantia
1388 963 1482 1042 signi·

209 1069 333 1146 ficatur3
357 1083 493 1131 «vacare
513 1083 530 1128 a
549 1065 674 1145 publico
690 1063 817 1126 officio»
841 1059 904 1124 Cic.
922 1060 999 1123 dixit
1017 1061 1128 1124 eodem
1150 1062 1257 1143 sensu)
1272 1068 1303 1125 et
1318 1079 1398 1126 raro.
1417 1061 1481 1126 Hoc

210 1174 313 1231 tamen
324 1166 451 1231 casaris
466 1164 607 1244 exempto
620 1160 808 1244 Prudentius
819 1159 1015 1224 detenditur:
1035 1159 1129 1223 «Haec
1145 1176 1162 1223 a
1177 1160 1323 1225 custodiis
1338 1159 1482 1225 classium

209 1265 276 1329 ioca
289 1264 424 1328 maxime
437 1262 609 1327 vacabant»
633 1261 682 1342 ().

251 1361 300 1426 Sic
314 1364 352 1427 de
367 1361 585 1444 praepositione
600 1360 672 1422 Eu:

457 1500 532 1564 Ipsa,
547 1496 615 1550 illos
627 1495 735 1548 animm
748 1494 870 1548 exuvies
884 1506 950 1560 quac
963 1494 1096 1548 continet
1110 1494 1204 1564 intus,

459 1586 591 1640 AEdicula
602 1587 725 1651 argento
737 1584 872 1650 fulgurat
885 1597 921 1637 aaa
935 1583 1029 1638 solido
1042 1581 1052 1654 (
1064 1580 1085 1654 ).

255 1730 304 1795 Sic
318 1730 357 1794 de
371 1728 590 1810 praepositione
603 1727 638 1789 de
649 1749 660 1788 .-

349 1859 352 1866 ’
461 1874 527 1928 Sola
537 1875 689 1939 superstes
701 1871 766 1938 agit
778 1869 814 1926 de
827 1884 944 1940 corpore
950 1911 1064 1925 .......
1081 1871 1204 1943 (Perist.
1219 1875 1297 1945 1111,
1311 1872 1339 1944 5)

460 1974 545 2027 Nunc
555 1974 738 2037 temperetur
748 1970 885 2024 dantium
897 1967 932 2024 de
943 1972 1068 2037 pectino.
1084 1969 1208 2043 (Portet.
1223 1975 1261 2043 x,
1274 1971 1339 2042 934)

464 2074 546 2125 Vena
558 2070 652 2124 animi
664 2071 726 2124 sola
739 2069 832 2123 fervet
845 2067 880 2123 de
894 2070 1028 2135 lampade
1040 2071 1162 2126 Christi.
1177 2067 1300 2142 (Pspcb.
1315 2069 1361 2142 57)

256 2217 303 2281 Ab
322 2216 451 2280 Erasmo
472 2211 676 2277 Roterodamo
698 2212 827 2290 quaestio
849 2211 986 2276 instituta
1007 2221 1054 2276 est
1073 2213 1111 2294 (³)
1125 2214 1165 2277 de
1186 2231 1245 2278 usu
1267 2213 1494 2294 conjunctionis

219 2313 383 2396 quamlibet
395 2313 475 2395 apud
492 2311 706 2382 Prudentium,
724 2327 792 2390 quoe
807 2319 838 2372 et
852 2327 868 2373 a
884 2311 1033 2374 Kantecki
1046 2318 1174 2375 tractata
1190 2320 1254 2376 est:
1274 2315 1391 2377 «Reate
1405 2313 1496 2376 docet

218 2409 318 2494 Valla,
327 2412 370 2477 ait
383 2413 541 2485 Erasmus,
554 2426 735 2489 quamquam
749 2416 780 2470 et
794 2410 931 2488 quamuis
945 2409 1046 2473 solere
1061 2410 1202 2491 praeponi
1217 2410 1251 2473 in
1267 2412 1409 2476 oratione
1425 2427 1496 2491 qnae

206 2521 339 2578 constat
349 2511 471 2575 duobus
482 2507 634 2589 partibus,
645 2507 690 2570 sic
704 2525 711 2567 :
728 2523 910 2586 quamquam
922 2508 1039 2571 alienus
1053 2525 1092 2584 cs,
1105 2515 1204 2572 tamea
1213 2510 1496 2573 teutClristiaaum

221 2629 300 2675 amc.
312 2608 455 2686 Quamuis
466 2607 546 2670 diaes
557 2607 600 2685 sis
610 2622 671 2668 aaa
682 2599 746 2668 ideo
756 2607 810 2683 jus
822 2603 912 2668 babes
924 2605 956 2668 iu
967 2623 1023 2668 me.
1038 2606 1152 2671 Contra
1165 2608 1199 2670 fit
1211 2608 1243 2670 in
1251 2607 1414 2688 quamlibet
1426 2626 1497 2689 quae

221 2709 382 2790 proprium
397 2705 528 2768 verbum
543 2721 607 2768 uon
623 2703 725 2776 babet,
744 2704 799 2765 sed
819 2702 993 2781 subjicitur,
1006 2705 1049 2766 sic
1064 2711 1169 2768 tamen
1184 2714 1220 2770 ut
1241 2706 1339 2770 oratio
1354 2707 1451 2788 possit
1465 2708 1497 2770 in

223 2807 377 2888 geminam
388 2803 516 2882 resolvi,
530 2802 589 2864 sia:
602 2803 672 2865 Noa
686 2801 765 2863 euim
773 2801 835 2881 pili
847 2801 964 2880 fecitte
978 2801 1141 2882 quamlibet
1155 2803 1288 2881 diuitem,
1301 2805 1351 2867 vei
1362 2806 1498 2885 quamuis

222 2899 444 2983 dinitem;nam
456 2900 599 2982 quamvis
611 2908 773 2979 utramque
784 2905 928 2963 naturam
939 2900 1090 2965 obtinet.»
1106 2902 1499 2968 NonimmeritoKautecki

225 3004 364 3084 regulam
380 3003 417 3065 ab
430 3001 558 3063 Erasmo
574 2999 747 3063 institutam
759 2997 792 3060 in
807 2997 902 3061 dubio
917 3001 1018 3080 ponit,
1031 3016 1102 3078 nec,
1114 3002 1292 3080 mejudice,
1303 3002 1376 3067 satis
1392 3004 1500 3068 adver-

225 3110 320 3168 satur.
343 3101 423 3166 Dicit
444 3101 529 3166 enim
550 3099 714 3182 quamlibet
734 3115 805 3162 aum
831 3099 957 3179 proprio
978 3100 1073 3163 verbo
1094 3101 1153 3180 tegi
1177 3102 1258 3184 apud
1272 3101 1501 3176 Quintilianum

229 3203 259 3283 (‹
270 3199 615 3283 quamlibetparumsit»
631 3234 669 3242 —
684 3197 789 3275 insti,
801 3199 830 3276 i,
844 3197 903 3278 18).
914 3197 1036 3262 Addere
1047 3200 1217 3279 potuisset:
1235 3200 1427 3276 ‹Quarmibet
1440 3212 1500 3267 esto

231 3303 326 3364 Uulca
340 3302 501 3382 recliner.
514 3297 550 3376 ii,
562 3297 647 3376 out).
663 3297 741 3360 Vera
755 3312 819 3358 non
836 3296 901 3359 haec
926 3297 1055 3377 quatio,
1066 3315 1177 3362 verum
1193 3309 1298 3364 utrum
1314 3301 1502 3366 Prudentius

228 3399 390 3480 quamlibet
403 3398 525 3461 sincero
539 3413 632 3459 seusu
647 3395 844 3476 usurpaverit
859 3395 984 3476 (gallice
999 3399 1172 3478 quelque...
1189 3417 1253 3480 que,
1271 3400 1429 3464 teutonice
1440 3403 1504 3464 tael-

229 3499 315 3579 cber)
349 3513 389 3561 an
416 3494 578 3577 quamlibet
602 3510 657 3576 pro
684 3495 831 3574 quamuis,
859 3511 946 3558 more
972 3495 1160 3576 scriptorum
1186 3497 1304 3562 infimae
1330 3499 1502 3575 latinitatis,

228 3595 397 3677 scripserit.
411 3595 524 3659 Noster
537 3600 642 3657 autern
655 3591 841 3674 pierumque
856 3593 1021 3674 quamlibet
1034 3612 1090 3676 pro
1106 3597 1243 3676 qttamais
1253 3596 1371 3662 scribit.
1390 3597 1505 3680 Accipe

231 3693 371 3776 exempla
385 3713 394 3756 :

478 3802 645 3866 Quamlibet
658 3805 756 3867 spreto
768 3802 833 3854 sine
846 3815 927 3855 more
939 3805 1028 3868 pastu

479 3894 587 3957 Sponte
600 3891 746 3945 coniectos
759 3894 918 3944 tenuemus
931 3896 1026 3960 artus,
1124 3899 1126 3904 ’

478 3984 576 4048 Teque
588 3980 766 4045 contemptis
779 3981 876 4045 epulis
889 3994 1029 4048 rogemus
1133 4026 1135 4034 ,

586 4072 674 4124 Nocte
687 4069 803 4139 dieque,

480 4160 617 4215 Vincitur
628 4172 744 4225 semper
756 4161 854 4214 minor
865 4160 1084 4226 obsequentum

483 4251 570 4322 Cura,
584 4263 639 4304 neo
650 4263 763 4304 munus
776 4251 919 4316 genitoris
932 4255 1040 4317 aequat.
1056 4248 1153 4322 (eata.
1165 4254 1242 4321 VIH,
1255 4251 1301 4324 53)

276 4395 345 4474 Hic,
360 4395 469 4474 ialeor,
484 4392 627 4458 dubitare
642 4391 724 4456 licet.
735 4391 813 4456 Nam
829 4391 1002 4472 quatalibet,
1020 4392 1111 4457 solito
1124 4411 1218 4458 sensu
1233 4394 1422 4476 intellectus,
1440 4415 1510 4462 cum

236 4503 333 4576 spreta
348 4492 495 4574 conjungi
510 4498 619 4574 potest.
642 4492 720 4556 Nota
740 4498 845 4555 tamen
866 4490 1031 4571 quamlibet
1050 4492 1133 4556 idem
1148 4500 1178 4556 et
1198 4511 1268 4558 curn
1283 4513 1421 4577 aoqemuo
1437 4513 1509 4562 con·

270 4681 300 4746 (¹)
312 4680 381 4732 Vide
393 4679 500 4743 Madvig
512 4639 626 4744 gramm.
640 4679 686 4728 lat.
700 4679 781 4743 tibh
795 4678 904 4729 Fround
914 4679 987 4732 Dict.
1000 4681 1035 4730 ad
1048 4681 1123 4733 verb.
1136 4695 1210 4733 auco.

272 4762 303 4826 (ἓ)
316 4763 393 4812 Unus
403 4760 489 4812 codex
501 4759 572 4824 (vide
584 4759 703 4822 Dressel)
716 4759 762 4809 dot
772 4762 806 4820 et,
819 4774 872 4810 uon
884 4763 1023 4814 contextui
1036 4768 1229 4827 congruenter.

254 4843 302 4909 fil)
314 4841 505 4895 commentarii
517 4839 552 4892 ad
564 4837 638 4893 balb.
653 4839 702 4903 XI,
714 4840 737 4900 8,
752 4839 790 4894 Π.
