3640 5670
745 560 784 571 ..
807 525 844 588 73
866 561 904 570 „

195 640 409 721 Prudentium,
427 659 495 706 oum
515 642 669 707 nitescere
684 643 897 724 desperaverit
911 641 973 706 suis
997 643 1027 706 iu
1051 643 1193 707 manibus
1215 659 1280 706 rem
1303 649 1388 709 tanto
1405 661 1463 726 per

190 755 223 800 se
238 740 407 820 splendore
419 742 601 821 fulgentem,
614 759 680 805 rem
698 741 797 822 ipsam
815 743 879 804 lere
892 742 1077 819 deseruisse,
1091 749 1122 804 et
1139 741 1219 805 circa
1238 744 1322 822 quasi
1339 743 1461 822 lusisse,

192 837 431 902 scilicettestam
443 839 567 919 Urbem,
584 857 652 905 cum
668 840 906 904 reditsolcmnis
918 838 999 903 Petri
1015 846 1046 903 et
1057 839 1142 904 Pauli
1154 840 1229 914 dies,
1244 840 1461 920 describendo,

191 942 223 998 et
237 938 321 1000 Petri
344 937 491 1020 Paulique
512 947 725 1018 monumenta,
743 945 774 1004 et
794 957 855 1020 qno
875 938 958 1002 cultu
982 945 1147 1020 utrumque
1169 939 1326 1020 prosequi,
1343 939 1459 1014 lovere,

189 1051 302 1099 ornare
322 1037 440 1102 deceat.
462 1038 561 1102 Pauca
582 1039 620 1102 de
640 1040 731 1102 Petro
752 1038 898 1119 primurn,
919 1054 1015 1119 pauca
1038 1038 1108 1102 dein
1132 1038 1170 1102 de
1192 1038 1297 1117 Paulo,
1313 1038 1413 1118 plura,
1430 1045 1462 1100 et
1554 1083 1558 1090 -

190 1135 321 1214 curiosa,
333 1143 475 1216 venusta,
485 1137 635 1216 elegantia
644 1130 686 1202 de
704 1139 796 1215 illius,
810 1139 848 1201 de
863 1139 953 1217 hujus
964 1138 1093 1201 tumulo.
1105 1139 1193 1201 Juxta
1205 1137 1340 1201 Tiberim
1353 1139 1462 1200 Petrus

186 1233 278 1312 jacet,
295 1235 398 1297 medio
413 1236 443 1298 in
460 1236 586 1315 oliveto,
599 1238 648 1300 cui
663 1238 784 1318 lympha
801 1239 891 1318 lugan
907 1237 1132 1301 immurmurat.
1147 1237 1236 1299 Parte
1253 1235 1325 1315 alia,
1338 1236 1460 1300 sinistra

189 1333 222 1394 in
246 1332 398 1396 Tiberidis
428 1334 506 1414 ripa,
531 1336 614 1398 aedes
642 1335 728 1399 Pauli
757 1342 899 1415 surgunt,
923 1335 1107 1414 magnificae,
1130 1334 1295 1397 bracteolis
1323 1335 1461 1414 undique

190 1430 343 1494 distinctae
366 1441 426 1496 «ur
439 1434 480 1496 sit
494 1435 591 1497 amois
606 1433 840 1498 ourulouto'luac
854 1435 947 1510 intus,
966 1452 1019 1498 ceo,
1028 1432 1125 1512 J'obor
1139 1431 1194 1496 sub
1215 1439 1323 1496 orta».
1342 1431 1461 1497 Colum-

189 1544 300 1592 narum
316 1531 466 1593 ratiouem
489 1531 561 1594 lecit
583 1533 769 1596 Prudentius
792 1549 861 1612 quae
883 1540 954 1596 suut
976 1539 1147 1612 «quaterno
1168 1532 1316 1594 ordina».
1333 1531 1377 1595 hd
1395 1533 1462 1596 haeo

95 1678 98 1688 .
189 1638 387 1693 succenseret
413 1630 515 1694 lorsan
541 1619 762 1711 superciliosus
784 1636 890 1695 noster
914 1631 1032 1694 Bolaeus
1057 1631 1107 1711 (Ι).
1123 1630 1223 1692 Minus
1245 1646 1390 1710 asperum
1410 1648 1462 1694 me

188 1741 338 1790 essenon
360 1728 487 1791 infitior.
505 1729 576 1791 Mihi
598 1746 661 1793 uon
690 1729 831 1812 displicet
852 1730 980 1792 festivus
1006 1729 1056 1790 hic
1078 1729 1115 1791 de
1137 1729 1251 1792 sanctis
1275 1730 1461 1819 martyribus

188 1817 350 1890 excursus.
372 1828 467 1890 Decet
487 1834 609 1908 poetam
636 1829 686 1909 qui
709 1846 814 1909 supra,
836 1846 905 1892 cum
931 1828 1124 1891 catacumbas
1149 1827 1339 1892 describeret
1361 1828 1463 1891 ‹mili-

187 1930 306 1988 tantem
329 1924 516 1990 ecclesiam»
540 1933 677 2004 caneret,
691 1943 775 1990 nunc
797 1951 807 1984 a
824 1927 1091 2007 triumphantem»
1114 1927 1284 2006 celebrare,
1296 1927 1373 1991 duos
1389 1928 1462 1990 tidei

188 2023 365 2087 conditores
377 2040 438 2088 non
451 2025 621 2090 morientes
634 2027 840 2106 respiciendo,
855 2026 907 2089 sed
918 2043 935 2089 e
946 2032 1045 2089 morte
1057 2031 1267 2106 resurgentes,
1280 2031 1460 2091 otorantes.

188 2122 303 2186 Minuta
326 2124 419 2187 etiarn
441 2124 620 2205 descriptio,
643 2132 674 2188 et
699 2124 858 2206 paululum
881 2125 1009 2204 puerilis
1031 2141 1094 2187 non
1116 2124 1234 2187 fastidia
1260 2131 1375 2204 movet,
1392 2143 1463 2189 cum

187 2227 368 2300 reputemus
384 2223 585 2287 Prudentium
600 2225 660 2286 iter
671 2227 796 2288 Romam
812 2223 933 2300 iecisse,
946 2231 980 2286 ut
995 2222 1323 2304 peregrinum(pilycr,
1335 2225 1461 2304 paterio)

188 2320 239 2399 qui
261 2319 309 2401 pia
333 2321 397 2384 loca
419 2321 527 2385 risisse
549 2323 740 2404 praecipuum
765 2323 885 2386 itineris
907 2323 1041 2385 fructum
1070 2322 1222 2384 erederet.
1243 2322 1311 2399 Qui,
1337 2323 1462 2386 domum

187 2435 332 2482 reversus
347 2420 499 2500 gaudebat
514 2429 545 2484 et
561 2422 675 2486 sanctis
690 2439 766 2503 quos
782 2422 920 2486 coluerat
934 2428 1036 2500 grates
1051 2438 1107 2501 pro
1127 2421 1294 2501 impertitis
1309 2437 1412 2501 agere,
1433 2427 1464 2484 et

189 2524 366 2581 sanctorum
391 2528 605 2599 monumenta,
633 2521 779 2599 tumulos,
804 2521 899 2598 aedes,
922 2537 978 2600 per
1001 2526 1104 2599 partes
1131 2536 1239 2582 onmes
1264 2520 1315 2599 pie
1341 2518 1399 2582 sibi
1425 2535 1461 2582 ex

189 2614 310 2696 integro
326 2617 457 2697 fingere,
474 2617 542 2683 aliis
557 2619 692 2682 fideliter
706 2626 738 2682 et
752 2626 872 2698 exacte,
888 2619 969 2682 nulla
982 2635 1017 2680 re
1031 2618 1155 2697 omissa,
1173 2617 1360 2682 describere.

478 2825 493 2906 ἕ
510 2825 559 2889 ΙΙΙ.
576 2861 614 2869 -
630 2826 672 2888 De
685 2827 923 2906 Partstcplaouou
939 2826 969 2888 X
982 2823 1171 2906 (Romanus).

229 3011 368 3091 Hymnus
384 3012 626 3094 peristephanon
640 3014 738 3094 X,qui
749 3015 856 3078 Passio
867 3015 998 3077 Romani
1011 3013 1159 3091 martyris
1175 3009 1365 3087 inscribitur,
1375 3011 1465 3074 docu-

190 3117 329 3172 mentum
354 3112 443 3175 nobis
469 3119 526 3190 est,
550 3112 697 3177 eximium
724 3121 755 3175 et
779 3112 994 3192 insigneque
1020 3111 1205 3174 Prudentius
1229 3116 1394 3190 perpetuo,
1409 3127 1465 3190 per

190 3207 310 3270 diversa
333 3211 557 3291 experimenta,
581 3212 763 3290 tetenderit,
788 3211 904 3274 scilicet
925 3218 959 3274 ut
984 3210 1101 3292 epicam
1122 3210 1207 3286 hinc,
1228 3208 1313 3270 illinc
1338 3207 1465 3288 lyricam

189 3307 306 3385 poesim
322 3311 477 3373 communi
495 3310 619 3374 vinculo
640 3317 671 3375 et
685 3327 777 3391 quarn
791 3310 962 3374 arctissimo
977 3326 1059 3373 nexu
1080 3309 1282 3372 consociaret.
1298 3308 1343 3370 Eo
1357 3307 1466 3370 memi-

190 3406 292 3469 nimus
313 3415 453 3487 spectare
475 3420 599 3489 poetam
622 3418 763 3474 nostrum
785 3408 933 3490 quosdam
949 3408 1202 3485 Cathemerinon,
1219 3407 1464 3485 Peristephanon

191 3503 353 3586 plerosque
369 3524 437 3596 curn
453 3509 604 3572 scriberet
615 3509 666 3591 (2).
679 3509 712 3571 ln
728 3509 840 3588 quibus
852 3509 984 3572 vidimus
999 3513 1140 3570 nostrum
1155 3511 1278 3586 poetam
1293 3504 1463 3586 paululum,

191 3619 248 3666 nec
274 3620 382 3682 parum
408 3623 675 3688 nonnunquam,a
703 3608 927 3672 consuetudine
952 3607 1117 3686 lyricorum
1143 3604 1312 3668 abhorrere
1327 3603 1378 3683 qui
1399 3603 1465 3665 lere

191 3718 349 3783 nunquam
365 3706 575 3784 narrationem
590 3706 708 3786 pollere
724 3713 754 3770 et
776 3705 945 3787 praevalere
961 3705 1078 3782 sinunt,
1100 3703 1154 3766 sed
1174 3718 1242 3765 eam
1264 3707 1298 3765 ut
1318 3701 1466 3764 accessio-

192 3805 437 3883 nemqnamdam
448 3799 1465 3887 mediooperiinteriectamprodunt,breviquemorainterposita,

192 3912 229 3975 ad
245 3905 404 3985 propriam
419 3908 581 3970 materiem
597 3907 700 3986 operis
718 3905 880 3981 festinant3
905 3911 1011 3968 contra
1032 3919 1105 3982 epos
1128 3907 1160 3963 et
1175 3917 1300 3964 carmen
1320 3899 1464 3975 miscere,

192 4009 233 4071 ita
260 4015 294 4070 ut
318 4006 430 4088 saepius
453 4006 625 4085 ambigeres
648 4012 753 4069 utrum
781 4020 855 4085 epos
881 4003 1077 4082 stropharum
1101 3999 1244 4062 ordinem
1269 3999 1465 4078 speciemque

192 4108 347 4187 praebeus,
363 4122 402 4169 an
425 4121 550 4168 carmen
570 4105 704 4184 graviori
724 4103 903 4166 narratione
923 4107 1085 4164 oneratum
1105 4104 1294 4162 versaretur.
1316 4097 1384 4160 Non
1403 4097 1465 4176 jam

193 4205 223 4268 in
239 4206 374 4268 Romano
391 4203 621 4283 ambigendum,
638 4219 706 4265 curn
723 4218 797 4265 vere
815 4208 847 4264 et
859 4200 987 4263 'omnino
1012 4215 1086 4279 epos
1106 4214 1123 4260 e
1145 4198 1220 4260 tato
1237 4195 1379 4259 versibus
1398 4210 1468 4258 con·

193 4310 287 4382 stans,
305 4302 482 4367 continuam
499 4303 708 4365 narrationem
731 4317 934 4381 persequens,
950 4299 1000 4361 vir
1021 4298 1108 4361 breui
1129 4295 1279 4377 prooemio
1296 4295 1325 4373 (e
1345 4294 1384 4356 30
1399 4311 1468 4356 ver-

194 4402 302 4482 sibus),
318 4401 461 4466 breviore
481 4400 616 4464 clausula
638 4400 667 4481 (e
688 4400 726 4462 25
749 4397 902 4480 versibus)
926 4397 1048 4460 additis.
1069 4398 1115 4460 Ea
1132 4396 1266 4458 Romano
1286 4393 1380 4472 igitur
1399 4391 1466 4470 tibi,

194 4501 274 4582 quod
290 4518 353 4564 non
376 4501 462 4580 parvi
485 4501 633 4563 momenti
654 4508 712 4577 est,
729 4499 789 4562 erit
810 4497 1041 4577 dijudicandum
1063 4512 1126 4559 non
1151 4511 1211 4574 qno
1234 4505 1323 4572 pacto
1341 4492 1467 4572 lyricam

194 4601 310 4678 poesim
327 4599 524 4677 Prudentius,
541 4599 594 4662 sed
617 4615 677 4679 quo
700 4598 818 4679 epicam
843 4595 1029 4659 tractaverit.
1046 4595 1141 4669 Quam
1163 4592 1345 4656 brevissime
1360 4600 1468 4670 potero

226 4812 257 4876 (1)
270 4830 283 4860 a
296 4813 318 4863 Il
330 4817 438 4878 compto
449 4813 489 4863 les
500 4812 636 4878 platonds,
648 4811 687 4862 les
699 4811 783 4862 ronds
793 4817 820 4861 et
832 4811 872 4861 les
883 4811 980 4860 ovalcs.
996 4829 1006 4854 u
1019 4809 1087 4872 (art.
1098 4809 1176 4874 poet,
1190 4807 1212 4866 Ι,
1225 4807 1276 4864 55.)

226 4893 256 4957 (¹)
269 4893 339 4946 Vide
353 4906 436 4959 supra
449 4893 535 4955 catu,
549 4893 581 4952 V,
596 4893 642 4956 VI,
658 4893 720 4953 VII,
733 4892 781 4953 IX,
794 4891 833 4951 X;
847 4891 950 4952 Perist,
965 4891 1001 4950 ΙΙ,
1015 4889 1064 4952 ΙΙΙ,
1078 4888 1111 4952 V,
1124 4887 1169 4951 Vl,
1184 4888 1245 4947 VII,
1259 4887 1308 4947 IX,
1325 4885 1373 4947 ΧΙ,
1393 4884 1467 4970 XIV.
