3640 5670
760 533 940 598 -129—

252 651 339 715 Catii:
355 652 393 716 Vl
409 652 493 732 (ante
508 655 663 736 somnum)
678 651 809 732 simplex
827 658 857 713 et
875 653 1042 730 ingenuus,
1066 649 1153 729 quasi
1176 649 1364 729 vespertinae
1386 647 1487 730 precis

211 749 473 830 supplementum,
500 753 565 813 tere
585 757 719 814 metrum
745 750 990 827 ambrosianum,
1006 765 1069 812 una
1084 747 1199 826 syllaba
1215 747 1381 810 deficiente
1397 746 1487 826 (iam-

212 846 300 910 bicus
313 847 445 912 dimeter
465 848 660 913 catalecticus
673 867 729 930 pro
745 847 1043 928 iambico'dimetro)
1065 845 1169 909 nescio
1190 845 1265 926 quid
1288 847 1382 910 habet
1403 845 1487 925 qood

214 962 310 1010 cunas
324 955 421 1011 motas
436 964 602 1011 numerose
617 948 721 1012 refert.
739 945 775 1028 (¹)
1133 951 1137 958 '

255 1045 419 1111 cath.le
447 1045 685 1128 (jejunantium)
713 1045 960 1126 simplicissimus
987 1055 1018 1107 et
1042 1043 1130 1126 quasi
1162 1044 1264 1109 nudus
1294 1049 1394 1107 metro
1424 1059 1486 1122 quo

214 1143 450 1222 didacticorum,
478 1143 687 1226 popularium,
718 1144 907 1208 comicorum
937 1147 1116 1224 poematum
1141 1143 1306 1223 scriptores
1335 1142 1382 1207 usi
1416 1147 1490 1205 sunt

215 1239 380 1322 (iambicus
400 1241 564 1323 trimeter).
580 1277 619 1287 -
633 1239 876 1323 Peristepbanon
896 1241 935 1320 X,
959 1241 1012 1321 qui
1035 1257 1120 1305 mera
1139 1239 1277 1305 narratio
1299 1246 1356 1318 est,
1378 1237 1491 1303 ecdem

215 1345 314 1404 metro
338 1340 470 1423 scriptus
495 1348 556 1419 est;
579 1378 618 1387 -
638 1341 758 1415 eodem,
774 1341 858 1421 quod
877 1345 960 1403 recte
979 1339 1093 1403 lactum
1110 1347 1168 1420 est,
1183 1337 1382 1421 praefationes
1397 1339 1487 1402 llam.

218 1437 323 1518 Psych.

257 1537 346 1601 Catb.
367 1537 429 1602 Vlll
452 1538 533 1619 (post
543 1537 712 1620 jejunium)
732 1544 762 1601 et
782 1535 888 1601 Perist.
905 1536 943 1602 lV
964 1537 1016 1618 (de
1030 1538 1138 1601 decem
1159 1542 1190 1600 et
1215 1543 1284 1600 octo
1305 1534 1492 1616 martyribus

217 1633 511 1718 caesaraugustanis)
535 1635 668 1716 eleganti
691 1642 723 1700 et
747 1634 902 1699 concinno
927 1641 1044 1709 metra·
1063 1635 1189 1716 stropha
1215 1634 1375 1716 sapphica,
1406 1639 1490 1697 sunt.

216 1733 335 1815 Nempe
349 1741 481 1816 uterque
495 1734 634 1798 venustis
648 1733 837 1815 imaginibus
848 1741 879 1797 et
892 1735 956 1798 lere
969 1733 1087 1798 lestinis
1098 1734 1231 1799 relectus
1246 1740 1311 1798 est:

465 1891 593 1956 Impiger
604 1893 705 1955 pastor
717 1892 833 1944 revocat
845 1890 982 1955 lupisque

467 1980 570 2034 Gestat
582 1979 710 2033 exclusis
723 1979 862 2032 humeros
877 1982 1031 2050 gravatus
1046 1974 1147 2050 [ocem]

466 2068 536 2122 Inde
548 2072 707 2134 purgatam
719 2068 861 2121 revehens
874 2067 971 2132 aprico

417 2211 419 2216 ,
540 2156 644 2211 Reddit
658 2157 748 2210 ovili:

466 2245 572 2300 Reddit
584 2248 615 2299 et
625 2246 719 2311 pratis
732 2246 876 2313 viridique
890 2259 1002 2316 campo,

468 2336 571 2389 Vibrat
584 2335 700 2401 inpexis
713 2335 765 2388 ubi
777 2337 862 2389 nulla
874 2337 970 2402 lappis

468 2425 566 2494 Spina,
582 2437 635 2478 nec
647 2437 769 2490 germen
782 2425 907 2480 sudibus
919 2430 1066 2491 perarmat

540 2514 672 2568 carduus
685 2515 808 2568 horrens
822 2510 922 2584 (Catia.
934 2518 1011 2585 VIII,
1025 2514 1070 2584 40)

260 2660 311 2724 Sic
334 2661 576 2742 peristephanon
602 2663 652 2741 iv,
678 2678 771 2743 quem
796 2664 876 2727 bene
901 2662 989 2726 norit
1013 2663 1122 2742 lector,
1147 2663 1199 2726 ubi
1217 2662 1387 2744 hispanicae
1402 2662 1496 2726 urbes

222 2759 383 2858 linguntur
394 2759 536 2825 canistris
551 2778 618 2825 ossa
633 2778 761 2826 suorum
776 2768 946 2843 martyrum
961 2763 1095 2827 ferentes
1110 2781 1117 2824 :

468 2917 556 2970 Plena
569 2929 746 2983 magnorum
758 2918 865 2970 domus
878 2917 1053 2982 augelorum

452 3049 455 3055 .
469 3007 532 3068 Nou
544 3006 632 3060 timet
644 3006 751 3059 muudi
762 3005 878 3072 fragilis
891 3007 1011 3059 ruinam

469 3097 524 3149 Tot
535 3095 605 3150 sinu
618 3099 740 3162 gestans
753 3095 845 3150 simul
857 3096 1005 3149 offerenda

540 3187 661 3240 Munera
674 3185 791 3239 Christo
805 3181 928 3254 (Perist.
942 3187 991 3255 iv,
1004 3183 1031 3254 5)

247 3335 501 3400 -Gatbemerinon
525 3335 564 3399 lli
587 3335 640 3418 (de
654 3335 767 3401 Christi
781 3335 902 3415 magnis
917 3333 1023 3413 rebus)
1039 3334 1125 3416 gravi
1140 3342 1170 3398 et
1186 3334 1289 3417 amplo
1313 3341 1413 3400 metro
1439 3341 1499 3415 est,-

223 3433 426 3514 epicosimul‚
439 3435 522 3515 quod
535 3441 566 3498 et
577 3435 615 3499 ab
627 3434 851 3516 antiquissimis
865 3433 1025 3515 epicorum
1037 3433 1242 3515 scriptoribus
1256 3442 1287 3497 et
1301 3453 1317 3500 a
1332 3435 1500 3499 sententia·

224 3549 293 3596 rum
317 3534 506 3599 amatoribus
525 3533 624 3616 poetis
644 3540 827 3616 usurpatum
852 3541 918 3597 erat
937 3533 1100 3616 (trochaici
1120 3535 1315 3616 septenarii).
1332 3570 1368 3580 -
1391 3534 1497 3598 Perist.

223 3630 245 3704 l,
282 3633 480 3711 gravissimus
508 3649 564 3715 per
595 3650 640 3712 se,
669 3633 779 3712 etqui
806 3633 913 3697 Perist.
940 3632 1054 3696 seriem
1080 3631 1226 3712 instituit,
1253 3634 1364 3697 eodem
1399 3639 1499 3697 metro

225 3734 281 3791 est.
305 3729 384 3794 Nota
408 3730 568 3795 Prudentii
592 3731 732 3810 omnino,
758 3738 794 3795 ut
815 3730 953 3810 videtur,
977 3730 1135 3812 propriam
1157 3732 1410 3811 propensionem,
1439 3748 1502 3810 qua

224 3831 286 3890 tam
297 3829 418 3908 crebro,
430 3847 501 3894 cum
514 3831 672 3911 stropham
689 3847 803 3894 novam
820 3831 943 3911 profert,
962 3837 1067 3893 ternos
1085 3845 1192 3892 versus
1210 3830 1248 3893 ad
1263 3831 1425 3910 stropham
1440 3831 1503 3892 elii-

226 3925 369 3991 ciendam
390 3926 522 3992 innectit
548 3929 650 4000 (Praei.
676 3929 779 4008 univ.‚
817 3927 925 3992 Perist.
948 3927 997 3993 vl,
1026 3927 1114 3990 Geth.
1144 3927 1193 4001 lli,
1225 3927 1334 3991 Perist.
1358 3929 1387 4005 l)
1418 3929 1502 4008 quod

225 4035 373 4103 metrum,
388 4026 436 4090 vel
451 4043 599 4092 versuum
608 4028 834 4091 nectendorum
848 4025 927 4090 ratio
942 4027 1021 4105 haec,
1037 4042 1098 4106 quo
1114 4024 1148 4088 in
1163 4027 1283 4090 honore
1302 4027 1406 4093 lutura
1424 4035 1504 4091 esset

227 4122 489 4204 nemiuemiugit.

268 4222 355 4286 Geth.
367 4223 455 4306 ll(ad
468 4224 631 4305 exsequias
640 4224 789 4301 defuncti)
805 4224 945 4307 strophas
960 4222 1087 4286 exhibet
1103 4239 1142 4286 en
1156 4231 1290 4303 quatuor
1304 4224 1506 4305 paroemiacis

229 4325 383 4398 constans,
399 4323 627 4404 quodmetrum
637 4324 798 4399 estbreve,
812 4320 1013 4402 concitatum,
1029 4338 1091 4402 quc
1103 4327 1186 4385 recte
1198 4320 1294 4386 animi
1311 4320 1445 4404 impetus
1465 4323 1506 4387 ad

230 4419 363 4485 calestia
378 4420 492 4504 templa
508 4421 664 4513 tendentis
678 4422 836 4502 effingitur
853 4438 861 4484 τ

582 4587 648 4639 Jam
660 4587 765 4639 maesta
778 4585 904 4655 quiesce,
920 4584 1051 4653 querele,

585 4675 732 4728 Lacrimas
745 4673 917 4739 suspendite
930 4676 1051 4744 metrae,

265 4883 296 4952 (¹)
308 4884 347 4939 Gi.
361 4883 477 4936 eundem
490 4899 516 4952 p.
529 4885 584 4937 249.
