3592 5668
195 595 254 657 arti
276 601 307 658 et
327 595 496 658 elocutioni
520 595 713 659 incumbere.
737 595 813 669 Quae
837 599 920 669 atas,
948 609 965 655 a
990 593 1161 656 Claudiano
1187 600 1335 670 ceterum,
1351 611 1462 659 mora

195 693 311 756 Rutilio
327 695 553 767 commendata,
570 693 661 771 longe
676 691 869 755 antecedenti
889 697 1014 770 praestat
1028 692 1112 769 quod
1131 691 1170 755 ad
1184 693 1302 772 poesim
1317 693 1460 774 pertinet,

195 807 267 852 cum
291 807 354 853 non
382 792 484 854 solum
514 795 679 854 occurrant
702 789 816 853 eximio
846 787 971 867 ingenio
1001 804 1065 851 non
1092 791 1182 869 pauci
1207 791 1382 871 scriptores,
1409 790 1463 854 sed

195 895 298 967 pateat
311 889 403 951 etiam
418 888 567 967 majorem
589 880 683 967 vulgo
706 903 813 950 curam
834 886 1014 960 elocutioni,
1035 905 1114 967 puro
1129 895 1160 950 et
1172 889 1293 952 sincero
1312 889 1461 966 sermoni,

194 985 340 1061 genuinae
355 987 509 1061 latinitati,
526 987 713 1065 incorruptae
729 983 881 1064 prosodias
905 984 1075 1048 adhibitam
1090 986 1194 1050 luisse.
1211 987 1298 1050 Tunc
1313 987 1381 1060 luit,
1399 988 1463 1050 fere

195 1084 296 1145 ausim
324 1083 438 1160 dicere,
467 1084 651 1147 litterarum·
676 1069 845 1146 latinarur'n
876 1082 1041 1160 reparatio,
1072 1083 1155 1145 unde
1188 1083 1339 1160 conjicere
1367 1084 1463 1164 possis

195 1181 330 1243 multum
349 1181 451 1244 adhuc
472 1181 592 1245 roboris
613 1181 646 1242 in
672 1179 801 1258 antiquo
816 1179 904 1242 latini
919 1179 1071 1241 sermonis
1089 1180 1192 1259 stipite
1212 1181 1351 1253 infuisse,
1367 1198 1460 1254 novo,

195 1294 213 1338 e
228 1278 400 1342 Christiana
416 1280 476 1341 fide
491 1285 570 1350 orto,
586 1294 679 1341 succo
700 1278 876 1350 accedente,
893 1275 936 1339 ita
956 1282 991 1338 ut
1008 1293 1087 1340 nora
1110 1277 1221 1339 litteris
1236 1277 1339 1340 latinis
1351 1277 1460 1358 spatia,

195 1375 322 1438 tortasse
340 1377 441 1456 ampla
457 1381 487 1437 et
500 1375 618 1450 inclita,
640 1374 821 1455 patuissent,
845 1372 904 1436 nisi
924 1375 1133 1437 Barbarorum
1153 1374 1287 1437 colluvio
1308 1375 1410 1437 omnis
1429 1375 1462 1438 in

197 1473 325 1551 longum
340 1473 487 1547 latinitas,
504 1473 675 1545 urbanitas,
693 1471 870 1535 humanitas
884 1477 963 1533 esset
977 1473 1098 1535 obruta.

236 1569 301 1644 Qua
319 1570 515 1650 potissimum
538 1577 628 1634 aetate
650 1569 798 1633 ducellus
823 1568 1007 1632 Prudentius
1026 1569 1167 1632 Clemens
1189 1569 1312 1646 enituit,
1325 1570 1379 1648 qui
1399 1586 1463 1633 non

194 1667 351 1731 minorem
369 1685 463 1747 quam
477 1667 598 1748 profani
620 1667 730 1730 litteris
750 1666 854 1729 latinis
879 1666 1077 1730 restituendis
1103 1682 1210 1728 curam
1229 1667 1381 1739 adhibuit,
1399 1685 1463 1731 non

196 1765 318 1828 minore
331 1765 449 1846 impetu
464 1782 558 1844 quam
572 1765 821 1830 Christianorum
836 1763 972 1842 magistri
988 1763 1135 1838 crocces,
1153 1764 1352 1829 christianam
1372 1767 1463 1829 fidem

195 1861 345 1936 defendit,
378 1863 560 1940 illustravit;
595 1863 649 1942 qui
683 1869 831 1937 ceterum,
856 1878 928 1924 cum
953 1861 1200 1925 Christianorum
1223 1869 1386 1942 poetarum
1410 1863 1462 1926 alii

196 1961 388 2039 praeceptiris
414 1961 608 2041 poematibus
639 1961 873 2034 incumbebant,
900 1958 953 2022 alii
980 1958 1074 2038 lyrica
1106 1958 1307 2038 attingebant,
1338 1960 1463 2039 utrique

196 2057 329 2134 deditus,
345 2059 427 2122 velle
441 2060 525 2123 visus
541 2065 586 2122 est
599 2059 753 2123 rationem
779 2074 904 2121 omnem
922 2057 1096 2119 litterarum
1118 2057 1357 2121 christianarum
1382 2077 1463 2123 com·

197 2155 299 2236 plecti,
321 2163 464 2221 veterum
488 2157 656 2220 latinarum
678 2156 852 2219 litterarum
865 2155 967 2235 specie
989 2155 1130 2235 repetita.
1146 2156 1255 2234 lyrica
1270 2157 1354 2220 enim
1370 2173 1463 2237 opera

193 2253 326 2333 scripsit,
342 2255 537 2335 preceptiva,
555 2254 719 2336 pugnacia,
735 2255 926 2336 παραινετικὰ,
943 2252 986 2316 ita
1000 2259 1031 2316 et
1046 2252 1177 2315 docendi
1187 2269 1310 2334 semper
1320 2260 1351 2316 et
1362 2254 1462 2318 dolec-

196 2351 283 2414 tandi
308 2368 371 2415 nna
394 2353 561 2428 studiosus,
591 2359 627 2415 ut
651 2359 681 2415 et
706 2351 809 2432 lyricis
833 2357 985 2432 praccepta
1013 2367 1176 2430 nunquam
1200 2369 1264 2414 non
1288 2351 1407 2426 inserit,
1434 2359 1465 2416 et

196 2449 389 2529 preceptivis
400 2450 433 2513 in
444 2451 589 2531 operibus
599 2451 704 2513 nescio
715 2450 791 2528 quid
807 2449 893 2530 lyrici
908 2449 1041 2529 impetus
1056 2456 1087 2512 et
1094 2449 1308 2513 exsultationis
1319 2449 1461 2519 retineat.

195 2545 295 2618 Quem
327 2546 422 2626 igitur
454 2565 524 2610 cum
556 2548 720 2626 diligenter
753 2548 990 2628 perpendemus,
1018 2547 1097 2610 nlnil
1122 2546 1209 2610 aliud
1236 2563 1331 2625 quam
1366 2547 1463 2611 intro·
1532 2559 1535 2564 ·

193 2643 360 2723 spiciemus
374 2645 524 2708 eximium
539 2645 662 2708 eximiae
677 2645 775 2708 aetatis
788 2640 1023 2709 documentum.
