3640 5670
738 1177 898 1272 tantm
931 1181 1185 1276 tbrtttttttt

549 1411 611 1478 De
631 1432 681 1483 re
700 1419 891 1488 metrica
911 1423 1033 1507 apud
1055 1425 1367 1496 prudentium.

671 1856 693 1939 §
706 1856 728 1920 l.
744 1893 784 1902 -
797 1858 840 1919 Dr
853 1859 1023 1940 quantitate
1036 1856 1238 1937 syllabarum.

358 2045 645 2120 Quedmedmodum
674 2047 877 2111 Prudentium
909 2047 1100 2111 ostendimus
1125 2049 1240 2112 «inter
1265 2048 1540 2115 Christianismum
1564 2059 1594 2116 et

318 2144 533 2224 Paganismum
556 2146 603 2227 (ut
623 2146 666 2209 eit
684 2145 816 2226 Dressel)
839 2145 1108 2210 intercedentem»
1131 2148 1214 2227 quod
1238 2148 1276 2212 ed
1291 2147 1471 2214 universam
1493 2151 1594 2230 poesis

317 2244 451 2324 speciem
473 2244 594 2324 attinet,
615 2245 670 2323 ite,
690 2245 773 2324 quod
795 2245 833 2308 ad
856 2261 923 2307 rem
946 2244 1121 2324 metricam,
1136 2247 1252 2324 partim
1276 2247 1350 2310 hinc
1372 2247 1461 2311 illinc
1481 2249 1593 2330 partim

317 2344 453 2422 pendere
463 2343 551 2407 brevi
566 2343 729 2408 constabit.
741 2343 852 2423 Finges
864 2344 947 2406 enim
960 2344 1164 2408 Prudentium
1178 2352 1250 2409 ante
1263 2345 1367 2410 omnia
1381 2346 1593 2412 Christianum

317 2440 422 2520 luisse,
438 2441 621 2505 Christianis
634 2441 837 2523 scriptoribus
856 2443 1015 2514 refertum,
1033 2443 1157 2522 hymnis
1177 2460 1233 2524 per
1252 2443 1399 2508 ecclesias
1418 2445 1593 2510 celebribus
1627 2483 1632 2496 ·

316 2538 458 2620 plenum,
479 2540 603 2622 pulchri
627 2557 702 2603 vero
723 2541 826 2603 studio
847 2547 952 2620 raptus
973 2539 1118 2620 antiquos
1139 2548 1244 2621 poetes
1265 2548 1437 2606 scrutatum
1456 2561 1535 2622 esse,
1550 2543 1591 2608 ite

317 2643 420 2700 temen
435 2645 470 2702 ut
495 2637 659 2702 nonnihil
684 2643 904 2700 consuetorum
925 2643 956 2699 et
978 2637 1010 2700 in
1033 2638 1183 2701 memoria
1205 2639 1393 2702 herentium
1418 2640 1591 2705 carminum

315 2743 465 2799 maneret.
483 2738 557 2799 lnde
573 2746 603 2798 et
623 2735 808 2816 plerumque
824 2735 905 2816 apud
927 2736 1129 2798 Prudentium
1144 2737 1288 2817 prosodia
1305 2743 1387 2801 recta
1408 2744 1439 2800 et
1457 2738 1589 2818 sincera,

316 2851 363 2908 ee,
382 2852 423 2898 ne
443 2835 553 2914 multe,
572 2852 642 2912 quae
663 2834 812 2914 optimam
829 2839 951 2897 aetatem
974 2834 1170 2914 optimosque
1191 2835 1541 2917 magistrosexprimet,
1561 2845 1591 2901 et

315 2949 541 3015 nonnunquam
562 2933 703 3006 maculae,
725 2932 824 3013 culpae
843 2933 892 2994 vel
913 2939 944 2995 et
962 2931 1048 3008 vitia,
1066 2950 1136 3013 quae
1157 2933 1406 2998 Christianorum
1420 2937 1588 3016 ὑμνολογίαν

315 3031 447 3095 nimium
459 3032 490 3094 in
503 3032 685 3096 memoriam
696 3032 846 3094 relerent.
864 3031 948 3109 Haec,
961 3039 996 3093 ut
1006 3034 1070 3110 jem
1081 3031 1259 3094 summatim
1272 3033 1421 3109 diximus,
1434 3034 1590 3113 ὑμνολογία

315 3128 373 3192 hoo
397 3130 550 3210 imprimis
573 3131 666 3211 (quod
695 3130 733 3192 ed
760 3145 827 3191 rem
852 3129 1012 3192 metricam
1038 3127 1159 3208 attinet)
1186 3129 1325 3193 notabile
1356 3129 1484 3193 exhibet
1507 3130 1589 3209 quod

314 3235 459 3291 accentus
482 3228 533 3291 len
556 3229 714 3309 praevelet,
739 3227 922 3306 quantitatis
947 3224 1227 3306 legeposthabite.
1251 3228 1309 3300 Qui
1335 3245 1413 3307 mos,
1440 3229 1479 3291 ad
1503 3226 1588 3307 vulgi

314 3342 439 3389 sensum
469 3327 717 3390 accommodatus
745 3324 901 3406 reperitur
931 3323 1015 3405 apud
1050 3341 1158 3387 omnes
1186 3325 1372 3389 christianos
1400 3326 1589 3406 hymnorum

313 3424 489 3505 scriptores,
510 3424 717 3501 Ambrosium,
734 3426 899 3486 Damasum
923 3423 979 3503 (De
999 3422 1266 3502 sanctaehgethes
1284 3424 1418 3505 hymn),
1436 3423 1588 3487 Hilarium

313 3523 437 3604 (Hymn.
447 3523 660 3605 vespertinus,
673 3523 785 3602 Hymn.
795 3523 832 3585 de
843 3521 1236 3601 Christo),ceteros,multo
1247 3522 1374 3602 quidem
1385 3523 1484 3602 magis
1494 3539 1588 3602 quem

311 3623 392 3703 apud
415 3622 629 3689 prudentium.
654 3620 780 3686 Scilicet
800 3620 990 3700 exquisitum
1014 3619 1096 3682 istud
1115 3619 1272 3698 iudicium
1292 3628 1324 3682 et
1345 3628 1485 3702 purgatae
1505 3620 1589 3686 euris

312 3721 461 3800 sollertia,
482 3739 542 3801 qua
566 3719 669 3783 brevis
690 3737 707 3783 e
726 3719 829 3798 longe,
851 3735 914 3781 non
939 3719 1080 3782 obstante
1101 3724 1248 3782 accentus
1272 3735 1328 3782 seu
1343 3718 1517 3784 elevatione
1532 3736 1587 3782 seu

312 3818 511 3898 demissione,
526 3818 725 3896 discernitur,
737 3818 800 3896 jem
823 3818 955 3880 deficere
977 3822 1112 3898 coeperet
1121 3837 1130 3893 ;
1145 3816 1256 3880 saltem
1270 3833 1306 3880 ee
1322 3817 1458 3898 carebat,
1474 3819 1587 3882 lorsam

312 3929 342 3980 et
355 3935 477 4000 semper
491 3924 644 3996 caruerat,
659 3917 746 3998 plebs
760 3915 909 3996 tunicata,
926 3933 1019 3995 quem
1038 3916 1196 3997 praecipue
1217 3916 1405 3996 hymnorum
1422 3916 1588 3998 scriptores

310 4018 499 4098 spectabant.
521 4017 610 4080 Unde
630 4017 724 4079 tiehet
743 4022 778 4079 ut
792 4016 886 4095 vulgo
907 4015 1022 4095 syllaba
1045 4015 1165 4079 elevate
1186 4033 1242 4096 pro
1258 4014 1363 4096 longe,
1381 4015 1515 4079 demisse
1530 4033 1586 4096 pro

308 4115 394 4178 brevi
408 4116 588 4195 haberetur,
600 4114 654 4195 qui
668 4131 735 4179 mos
748 4113 863 4177 sensim
878 4130 914 4176 eo
927 4131 1075 4177 evasurus
1090 4120 1156 4177 erat
1170 4120 1206 4178 ut
1222 4113 1406 4194 quantitatis
1417 4113 1466 4176 vel
1478 4131 1586 4178 sensus

309 4213 414 4277 nullus
427 4216 527 4293 lieret,
549 4220 593 4292 et,
615 4214 759 4276 omnibus
779 4213 907 4275 vocibus
926 4213 1013 4292 quasi
1035 4211 1176 4292 aequetis,
1193 4212 1319 4291 syllabae
1342 4229 1407 4275 non
1424 4213 1490 4291 jam
1509 4228 1586 4293 pen-

309 4312 468 4392 derentur,
483 4314 536 4376 sed
551 4321 803 4376 numerarentur.
819 4312 883 4374 lloc
897 4311 985 4388 vitio,
1002 4328 1065 4374 non
1082 4312 1226 4389 equidem
1242 4310 1328 4390 gravi
1345 4317 1377 4373 et
1391 4311 1513 4389 adulto,
1530 4311 1585 4374 sed

308 4411 428 4475 oriente
449 4413 561 4491 etjam
582 4412 773 4474 increscente
794 4410 936 4491 laborent
958 4427 1065 4473 omnes
1083 4416 1182 4491 poetae
1202 4409 1381 4485 christiani;
1400 4410 1487 4488 cujus
1510 4411 1586 4472 Pru-

309 4509 433 4575 dentius
446 4526 674 4591 nonnunquam
688 4509 775 4589 quasi
791 4507 1008 4588 contagionem
1023 4508 1128 4573 sentit.
1141 4507 1255 4590 Accipe
1270 4507 1410 4588 exempla
1429 4526 1436 4569 :

347 4611 380 4673 ln
397 4610 457 4675 ersi
471 4612 582 4675 breves
596 4607 740 4692 producit
753 4624 822 4688 quae
834 4614 1009 4688 sequuntur
1026 4627 1033 4669 :

508 4763 567 4813 Tne
578 4765 649 4821 sunt,
665 4765 728 4826 ytue
740 4767 792 4824 rect
801 4763 841 4810 tor
853 4758 988 4824 utyreque.
1003 4757 1088 4822 (batt.
1106 4758 1140 4823 X,
1155 4759 1191 4822 5.)

509 4851 615 4904 b'rivole
626 4850 753 4916 uticeque
766 4855 793 4902 et
805 4848 932 4915 uticeque
943 4848 1032 4906 niihil.
1046 4847 1150 4914 (Porist.
1165 4847 1212 4910 ΙΙΙ,
1225 4848 1281 4913 81).)
