3592 5668
335 567 428 648 plane
441 568 492 631 rel
503 576 628 636 tantum
642 570 804 651 attingenti
820 569 923 650 palam
934 575 979 632 est
989 569 1023 632 in
1032 568 1125 632 doti.
1138 569 1176 646 X,
1188 583 1285 632 versu
1291 567 1323 644 0,
1336 567 1439 644 ilum,
1452 569 1607 647 versanti,

337 664 424 730 catu.
445 668 496 740 lll,
519 685 612 732 versu
631 671 680 742 58,
704 669 791 732 Coti.
812 669 851 744 X,
875 682 966 731 versu
989 667 1057 739 aaa,
1079 667 1426 742 rosaemannus,
1450 666 1607 748 Psycltom.

335 765 477 828 versibus
492 766 560 842 727,
579 768 758 832 metuont
778 767 906 848 insuper
927 767 1047 829 Dressel
1062 766 1101 847 (Ι)
1123 788 1134 822 ι
1150 767 1262 828 codices
1282 774 1413 828 vetustus
1434 783 1533 828 amuco
1552 769 1611 828 inc·

336 869 450 925 matos
462 881 523 926 assa
537 867 633 927 uariis
647 865 820 930 lectionibus
832 873 862 928 at
873 865 980 945 gloesis
995 873 1051 928 out
1061 863 1304 936 iunrtiruuridus
1320 872 1376 926 aut
1387 865 1427 928 od
1440 867 1608 944 marginem

335 959 490 1038 amostra,
512 965 690 1024 recentioris
707 967 841 1042 utrisque
858 964 920 1042 sara
937 979 1102 1025 curcua...‚..
1127 962 1256 1024 Puteum
1276 961 1424 1024 miranda
1448 963 1619 1024 uetustatis

335 1058 502 1136 examplari
519 1077 579 1121 noo
598 1068 757 1138 eccepto.»
780 1061 871 1122 lirrat
889 1059 1121 1138 aliqnantnlum
1142 1058 1336 1134 Dressellius,
1354 1061 1540 1122 confirmans
1561 1057 1610 1120 lais

335 1155 450 1230 verbis,
467 1157 644 1234 enodatius
660 1161 835 1234 confitetur,
853 1175 870 1222 a
889 1175 923 1222 se
937 1160 1106 1222 Putaoouut
1120 1175 1184 1222 non
1197 1159 1361 1221 evolutum
1377 1159 1481 1222 luisse.
1499 1153 1611 1220 Putea·-

336 1269 393 1313 uua
402 1253 488 1316 enim
498 1271 570 1318 aare
583 1255 693 1334 glossis
707 1257 894 1319 instructum
903 1273 970 1320 sese
981 1257 1109 1336 praehet,
1123 1273 1194 1334 quae
1206 1256 1438 1320 creberrimam
1450 1256 1609 1320 codicibus

337 1349 450 1412 decimi
466 1357 497 1414 et
512 1352 670 1416 undecimi
681 1353 782 1418 seculi
798 1360 978 1417 occurrunt.
995 1353 1076 1417 tare
1088 1353 1168 1416 dixit
1182 1354 1220 1416 de
1234 1353 1462 1417 recentioribus
1476 1354 1608 1428 literani,

336 1445 379 1510 ita
403 1455 440 1510 ut
469 1467 651 1529 persuasum
674 1451 774 1532 possit
802 1451 911 1515 haberi
943 1451 1091 1530 primum,
1116 1457 1202 1515 sento
1229 1451 1349 1514 scilicet
1377 1452 1494 1526 seculo
1522 1450 1611 1528 cuius

336 1544 489 1609 Puteanus
515 1546 644 1610 unicum
670 1550 893 1614 documentum
923 1555 979 1623 cst,
1009 1549 1169 1612 Prudentii
1200 1554 1317 1611 textum
1344 1565 1454 1628 parum
1479 1554 1608 1625 nutare3

337 1641 461 1717 deinde,
488 1645 609 1708 decimo
633 1646 751 1710 scilicet
771 1655 802 1710 et
822 1647 988 1710 undecimo
1010 1647 1126 1721 seculo,
1151 1645 1382 1712 instabiliorem
1404 1663 1481 1723 esse,
1505 1651 1610 1726 postea

336 1742 510 1804 secundum
523 1744 682 1822 vulgatam
697 1744 862 1808 lectionem
877 1744 1061 1807 constitisse.

374 1839 457 1912 Quid
479 1840 554 1904 inde
577 1849 704 1922 apparet
728 1843 768 1906 ad
793 1843 952 1923 duplicem
973 1842 1145 1906 editionem
1167 1844 1205 1906 ab
1227 1842 1294 1922 ipso
1309 1841 1478 1904 Prudentia
1499 1844 1610 1904 laetam

337 1937 516 2016 pertinens?
537 1941 614 2002 llere
635 1940 857 2015 nihilitatem,
878 1957 950 2004 cnm
971 1940 1144 2002 ‘Pctauuom
1168 1957 1271 2004 unum
1289 1941 1462 2003 habeamus
1481 1939 1611 2002 illorum

336 2039 514 2115 temporum
534 2038 703 2117 exemplar.
725 2039 852 2102 Constat
874 2045 979 2102 tamen
999 2039 1055 2100 has
1075 2037 1223 2100 lectiones
1247 2037 1457 2117 discrepantes
1477 2037 1560 2100 inter
1577 2053 1611 2099 se

337 2138 469 2208 exstare,
486 2134 628 2212 majores,
645 2136 860 2214 productiores
879 2153 973 2214 quam
993 2142 1028 2197 ut
1048 2141 1170 2198 lantum
1191 2151 1208 2198 e
1228 2136 1436 2200 librariorum,
1450 2135 1611 2197 erroribus

337 2237 480 2308 manent;
495 2239 613 2295 constat
628 2233 711 2296 locos
726 2235 858 2312 grandes
871 2233 905 2296 in
920 2235 1055 2296 Putasne
1070 2233 1199 2296 omissos
1213 2249 1279 2296 esse
1294 2233 1347 2312 cui
1360 2233 1398 2311 (ἓ)
1410 2233 1489 2296 alias
1501 2249 1610 2295 occur·

220 2377 225 2382 .
337 2335 427 2404 runt,
452 2343 579 2392 necesse
609 2337 654 2393 est
684 2331 739 2393 has
771 2332 929 2405 lectiones,
957 2332 1019 2393 hos
1042 2331 1128 2393 locos
1150 2331 1295 2394 alicunde
1325 2330 1411 2393 oriri.
1443 2330 1476 2393 Si
1505 2337 1610 2394 autern

337 2425 524 2489 Prudentius
550 2434 692 2490 mortuus
723 2434 802 2492 esset
826 2435 997 2507 antequam
1028 2445 1158 2491 suorum
1186 2443 1316 2508 operum
1349 2428 1519 2490 editionem
1551 2429 1612 2490 ins·

336 2523 493 2598 traxisset,
508 2524 636 2600 diceres,
653 2543 711 2589 nea
726 2527 894 2595 immerito.
908 2527 1052 2597 editores,
1066 2526 1133 2604 ejus
1147 2541 1243 2589 manu
1258 2523 1387 2606 scriptos
1403 2525 1523 2588 libellos
1538 2541 1610 2588 cum

336 2611 605 2699 recognoscerent,
625 2623 721 2686 variis
739 2624 808 2686 istis
826 2625 1013 2687 tentionibus
1033 2625 1141 2687 obvios
1160 2624 1254 2687 luisse
1272 2639 1525 2703 nunnunquam
1545 2639 1610 2685 non

337 2717 371 2780 in
397 2726 497 2798 poetro
524 2720 637 2783 chartis
669 2727 800 2784 certant.
825 2723 904 2786 Cum
926 2739 1001 2784 vero
1028 2723 1224 2798 Prudentius,
1249 2723 1334 2802 omni
1363 2723 1471 2802 procul
1498 2721 1607 2795 dubio,

337 2833 467 2879 suorum
481 2833 612 2896 operum
632 2817 697 2897 ipse
714 2819 885 2882 editionem
905 2820 1070 2898 paraverit,
1087 2837 1123 2881 ua
1141 2822 1339 2882 variarentur
1355 2819 1477 2882 libellos
1495 2819 1607 2895 edidit;

337 2912 393 2992 qui
412 2920 516 2977 autem
538 2932 611 2978 cum
628 2922 733 2979 tamen
745 2917 864 2980 variati
883 2917 956 2992 sint,
974 2917 1050 2996 qnid
1070 2917 1309 2994 conjectandum
1328 2915 1389 2980 nisi
1409 2917 1456 2980 bis
1475 2917 1612 2980 Pruden-

337 3011 417 3075 tinm
443 3013 598 3077 edidisset
626 3015 713 3078 Felix
741 3015 918 3094 conjectura
953 3022 984 3079 et
1018 3032 1088 3095 que
1121 3033 1178 3079 nos
1211 3016 1418 3090 lenocinetur,
1453 3015 1549 3094 quod,
1582 3013 1610 3078 si

338 3111 515 3173 confirmari
548 3119 659 3192 posset,
691 3113 882 3176 incertorum
916 3130 1047 3194 operum
1077 3113 1235 3176 rationem
1268 3113 1412 3176 redderet
1443 3111 1611 3193 (imprimis

337 3205 520 3284 Eocuiridici
549 3225 621 3288 quae
649 3210 770 3272 nullam
801 3211 918 3274 habent
945 3210 979 3273 in
1014 3211 1197 3274 Prelatione
1225 3211 1373 3274 universe
1405 3210 1608 3272 mentionem.

337 3303 471 3368 Credere
501 3306 648 3385 maceret,
675 3308 879 3371 Prudentium
909 3309 1077 3382 seniorem,
1104 3316 1269 3389 postquam
1298 3309 1521 3380 mediatatum,
1549 3307 1611 3370 alia

337 3401 465 3464 fortasse
478 3409 621 3482 poemata
636 3411 826 3480 exaraverat,
842 3406 974 3469 alteram
990 3423 1118 3488 opernm
1135 3406 1306 3470 editionem
1317 3406 1438 3479 iecisse,
1456 3406 1489 3468 in
1503 3421 1565 3484 qua
1580 3411 1612 3468 et

337 3516 419 3562 nova
446 3519 539 3582 opera
564 3504 780 3578 occurrebant,
803 3508 834 3566 et
850 3521 943 3568 norae
965 3511 1109 3568 veterum
1134 3505 1294 3568 lectiones,
1314 3505 1497 3583 conjectare
1516 3503 1610 3566 edam

338 3597 449 3662 liceret.
460 3599 541 3664 hana
559 3601 689 3664 alteram
701 3601 873 3664 editionem
888 3619 952 3665 non
967 3619 984 3666 a
1000 3603 1169 3666 Prndemio
1183 3604 1237 3666 sed
1253 3603 1291 3666 ab
1307 3601 1412 3680 aliano
1427 3619 1466 3664 en
1479 3600 1611 3664 tamilla·

336 3695 438 3769 ribus,
448 3704 517 3776 post
529 3705 663 3762 mortem
678 3699 850 3778 Prudentii,
863 3706 1001 3779 paratam
1016 3701 1121 3773 inisse,
1135 3700 1200 3778 qui,
1215 3699 1375 3763 Prudentii
1393 3717 1486 3780 opera
1500 3698 1610 3762 ultima

336 3793 531 3872 recolligens,
548 3796 685 3874 potuerit
704 3795 809 3872 simul,
826 3813 922 3859 manu
946 3797 1075 3877 scriptos
1096 3797 1219 3860 libellos
1239 3802 1271 3860 et
1288 3796 1401 3860 scrinia
1421 3801 1518 3876 poetae
1539 3812 1611 3858 cnm

336 3900 580 3970 recognosceret,
597 3910 695 3956 novas
708 3895 748 3958 ad
769 3895 870 3958 lucem
890 3895 1039 3960 lectiones
1053 3897 1204 3975 prolerre.
1223 3894 1284 3958 Sed
1304 3896 1454 3957 hactenus
1473 3894 1558 3972 quod
1572 3893 1612 3956 ad

337 4004 373 4052 ea
389 3989 498 4052 attinet
512 4006 582 4067 quae
597 3997 717 4054 tantum
733 3991 855 4070 conjici,
873 3993 960 4056 nullo
976 3993 1069 4056 modo
1087 3991 1265 4057 confirmari
1280 3997 1420 4072 possunt.

375 4085 508 4166 Quoquo
526 4089 619 4150 modo
639 4105 690 4150 res
709 4099 742 4152 se
762 4091 875 4154 habeat
898 4090 1041 4170 princeps
1055 4097 1087 4153 et
1103 4091 1269 4170 archetypa
1290 4089 1385 4152 editio
1406 4105 1422 4152 a
1439 4088 1612 4151 Prudentio

336 4183 403 4264 ipso
437 4184 507 4248 data
541 4190 587 4248 est
617 4199 700 4249 anno
730 4187 800 4262 405,
836 4187 1072 4258 Cathemerinon
1102 4187 1303 4266 Apatluoeim,
1332 4186 1608 4265 Hortartipaur'om,

334 4283 611 4362 chaiomocltioaa
623 4283 734 4346 Contra
747 4283 955 4362 Symmachum
970 4286 1048 4348 duos
1063 4284 1171 4360 libros,
1187 4285 1420 4364 Parietepitunau
1434 4283 1608 4348 continens.

376 4381 435 4456 Qui
449 4382 571 4446 codices
585 4382 744 4446 Prudentii
759 4383 932 4448 exstiterint
946 4383 1060 4461 quinto
1077 4386 1183 4448 seculo
1208 4400 1315 4448 omncs
1337 4383 1426 4462 fugit.
1449 4382 1519 4458 Qui,
1542 4381 1612 4444 sine

337 4477 445 4556 dubio,
464 4480 611 4546 narrari
634 4481 771 4558 inerunt,
794 4481 911 4562 quippe
929 4481 1076 4546 Sidonius
1097 4481 1303 4563 Apollinaris,
1326 4480 1466 4545 alcimus
1485 4479 1609 4556 Auitus,

367 4714 399 4776 (¹)
416 4713 522 4780 Proleg.
534 4713 663 4766 editionis
674 4729 701 4780 p.
712 4729 785 4773 xxrv,
799 4729 861 4766 xxv.

368 4795 397 4857 (²)
410 4792 507 4860 aspen.
520 4795 557 4857 id,
572 4795 610 4853 ll,
623 4795 662 4846 l‘i.
675 4823 704 4833 -
719 4792 814 4862 Apella
829 4795 883 4858 100,
894 4794 949 4846 alii.
