3640 5670
737 522 896 583 *aa*
975 595 985 602 ,

182 667 245 716 non
272 654 355 717 omni
378 655 522 736 equidem
547 655 637 720 laude
659 657 855 732 cumulanda,
877 671 954 717 nova
980 653 1099 723 saltem,
1122 658 1153 715 et
1177 667 1308 733 quorum
1333 654 1454 719 nullum

179 751 281 816 iuerat
294 753 325 816 in
337 754 440 818 latinis
458 754 568 818 litteris
587 755 775 834 exemplum,
788 771 856 818 cum
870 755 935 833 iam
947 753 1033 816 Calli.
1049 751 1191 830 multum,
1205 752 1314 815 Perist.
1328 755 1455 816 omnino

181 867 303 914 amore
319 859 350 915 et
364 855 485 916 ratione
505 854 669 916 Horatiana
686 854 866 917 abhorrent.
883 853 964 927 Quos
983 852 1009 913 si
1023 850 1099 914 velis
1118 851 1157 913 ad
1176 857 1285 914 notum
1304 868 1382 930 opus
1402 853 1456 914 ali·

180 953 572 1032 quatenus1·eierre,finge
586 954 718 1033 hymnos
732 953 1013 1031 homericos,parte
1028 949 1160 1013 oratoria
1171 949 1271 1013 addita
1282 970 1291 1026 3
1303 951 1364 1027 rel,
1375 952 1457 1031 quod

180 1051 219 1113 ud
236 1052 347 1114 Perist.
365 1051 430 1134 (qui
444 1068 518 1115 rere
534 1057 606 1114 sunt
621 1051 804 1115 Christiane
818 1053 959 1128 ἐπινίκιαι)
972 1049 1095 1127 attinet,
1108 1047 1302 1129 pindaricum
1317 1066 1455 1130 carmen,

180 1156 300 1213 remoto
316 1150 428 1231 saepius
440 1151 537 1232 lyrico
549 1151 779 1233 impetu,idque
792 1150 873 1230 qnod
885 1150 997 1230 saepius
1016 1148 1138 1211 «doleat
1146 1165 1280 1211 sermone
1285 1149 1416 1229 pedestri
1425 1173 1455 1212 r.

438 1359 453 1438 S
468 1359 519 1420 lll.
534 1359 630 1421 -De
644 1357 878 1438 generedicendi
892 1356 972 1436 opud
985 1355 1194 1418 Prudentem.

221 1547 265 1609 De
280 1562 396 1625 genere
411 1545 535 1609 dicendi
546 1562 606 1626 quo
617 1545 804 1610 Prudentius
812 1529 889 1610 ⁴usus
904 1551 951 1609 est
962 1545 1066 1608 dicere
1078 1543 1239 1624 incipienti
1255 1544 1313 1606 hoc
1325 1542 1459 1624 primum

180 1644 258 1706 mihi
279 1645 448 1708 notandum
472 1652 529 1723 est,
546 1643 627 1725 quod
648 1645 739 1708 velim
761 1647 885 1726 penitus
908 1646 937 1708 in
960 1647 1064 1708 animo
1085 1643 1211 1707 lectoris
1232 1645 1365 1718 haerere,
1382 1643 1460 1724 stylo

181 1743 387 1807 Prudentium
403 1743 558 1824 plerisque
573 1745 738 1829 equalium
757 1753 917 1825 praestare,
944 1751 975 1806 et
989 1745 1085 1807 multo
1105 1743 1244 1822 ejusdem
1259 1742 1356 1806 aetatis
1377 1743 1461 1805 Chri-

181 1839 297 1902 stianos
312 1848 418 1920 poetas
433 1841 632 1920 antecellere,
645 1859 685 1905 ne
700 1843 828 1906 Paulino
843 1844 960 1907 Nolano
976 1843 1100 1923 quidem
1114 1849 1257 1923 excepto,
1273 1842 1324 1924 qui
1341 1840 1378 1923 (si
1394 1857 1458 1903 non

180 1940 358 2020 venustate)
374 1941 491 2016 nervis,
507 1941 641 2019 lacertis,
657 1941 836 2022 splendore,
852 1942 1055 2023 amplitudine
1078 1933 1246 2005 Prudentio
1263 1941 1356 2004 cedit.
1371 1940 1459 2016 Quod

180 2038 246 2100 lere
263 2039 376 2101 acriter
391 2040 469 2115 dico,
488 2041 568 2120 quod
585 2041 693 2103 vitium
710 2048 756 2103 est
770 2042 842 2104 boio
857 2058 926 2104 meo
941 2041 1026 2120 operi
1045 2040 1130 2120 quasi
1148 2040 1269 2103 baerens
1285 2055 1347 2101 non
1367 2055 1457 2118 posse

180 2136 232 2198 din
248 2136 279 2198 in
302 2137 445 2202 laudibus
467 2139 648 2216 consistere,
665 2157 746 2219 qna,
761 2147 795 2203 ut
816 2139 931 2202 dicium
954 2146 1000 2201 est
1022 2140 1208 2219 scriptorem
1221 2138 1334 2218 optima
1357 2153 1459 2200 erem-

180 2233 276 2312 pleria
293 2241 432 2298 secutum
448 2253 529 2316 pone
545 2239 650 2313 luisse,
663 2239 726 2316 jam
742 2239 899 2300 exhaustae
914 2243 997 2314 sunt,
1015 2237 1097 2300 vitiis
1113 2244 1220 2300 contra
1241 2229 1407 2316 diligenter
1428 2244 1458 2298 et

179 2334 277 2397 insius
294 2335 464 2412 immorari,
481 2353 549 2416 quae
564 2336 665 2398 omnia
688 2335 867 2416 singillatim
883 2337 1079 2416 exsequenda
1096 2335 1284 2412 sont3'unde
1300 2335 1409 2398 accidit
1424 2343 1458 2399 ut

180 2431 298 2495 diutina
314 2433 422 2496 illusus
438 2434 673 2498 enumeratione
685 2435 856 2516 culparum,
870 2435 968 2498 lector
984 2436 1022 2497 ad
1036 2436 1143 2498 falsam
1168 2435 1207 2508 de
1225 2435 1371 2497 universo
1386 2435 1458 2497 scri-

178 2532 275 2610 ptoris
291 2548 406 2610 genere
429 2533 615 2595 sententiam
637 2533 748 2596 adduci
769 2534 876 2612 possit.
892 2535 937 2598 Ne
960 2534 1053 2613 igitur
1074 2534 1304 2612 obliviscamur,
1333 2535 1456 2596 eumad

177 2629 262 2704 vitia,
280 2647 342 2692 non
367 2631 509 2708 equidem
533 2631 631 2709 nulla,
654 2632 813 2695 Prudentii
834 2640 962 2695 ventum
984 2632 1056 2711 erit,
1076 2637 1215 2695 nostrum
1238 2632 1454 2712 nihilominus,

179 2729 304 2791 dicendi
322 2745 437 2806 genere
453 2729 598 2792 eximium
618 2730 800 2809 plerumque
815 2731 925 2803 luisse3
941 2733 970 2794 ri
994 2737 1025 2793 et
1043 2727 1154 2794 rubore
1169 2730 1333 2807 sermonis,
1349 2730 1456 2810 imagi-

178 2843 254 2889 num
271 2825 450 2906 splendore,
467 2827 652 2906 eloquentiae
670 2829 879 2907 vehementia,
898 2831 983 2909 copia
1001 2829 1122 2892 dicendi
1138 2845 1201 2891 non
1220 2829 1318 2891 sterili
1333 2845 1456 2908 semper

181 2933 233 2988 aut
249 2925 378 3003 infelici,
395 2926 567 3005 granditate
583 2928 765 3006 verborum,
780 2935 943 2991 venustate
964 2945 1189 3008 nonnunquam
1208 2935 1239 2990 et
1256 2927 1374 3007 lepore,
1391 2944 1453 2989 non

182 3025 394 3104 spernendum
407 3025 490 3087 inter
501 3026 663 3104 cujuslibet
677 3028 774 3088 aetatis
787 3035 893 3105 poetas
904 3027 1004 3090 locum
1018 3027 1199 3090 obtinuisse.
1213 3027 1348 3100 Quarum
1364 3027 1457 3088 virtu-

184 3123 1455 3204 tumnonnullapassimexempla,operaPrudentiidescribeudo,dedimus.Paucu

185 3222 242 3284 alia
261 3238 344 3284 nunc
358 3221 498 3284 addenda
516 3231 601 3300 puto.
619 3224 708 3286 Plura
725 3223 844 3287 suntin
860 3223 1024 3303 Hippolyto
1042 3224 1163 3303 (Perist.
1181 3224 1246 3300 Xll,
1262 3223 1293 3284 in
1309 3221 1455 3304 Cassiano

183 3320 458 3399 (perstititque
469 3322 534 3382 sive
546 3323 669 3400 robore,
680 3322 744 3384 sive
758 3323 972 3402 descriptionis
986 3323 1136 3410 elegantia
1149 3330 1180 3385 et
1191 3323 1292 3384 nitore
1304 3338 1457 3384 commen-

186 3419 308 3481 dantur.
327 3419 416 3482 Latis
431 3420 615 3499 imaginibus
629 3422 817 3500 splendescit
833 3423 914 3484 cerei
931 3422 1084 3500 paschalis
1099 3438 1247 3485 accensus
1260 3405 1363 3501 'ldutlu
1378 3419 1434 3500 V):

429 3567 523 3619 Vivax
536 3569 656 3621 damma
669 3569 760 3638 viget,
775 3583 829 3622 seu
842 3582 913 3622 cava
926 3570 1037 3622 testula

427 3657 555 3710 Succum
568 3658 689 3710 linteolo
701 3659 838 3724 suggerit
850 3659 939 3728 ebrio,

430 3747 487 3798 Seu
499 3747 590 3811 pinus
602 3747 716 3812 piceam
729 3747 786 3800 fert
799 3748 980 3815 alimoniam,

431 3835 488 3887 Seu
501 3849 598 3888 ceram
610 3839 734 3890 teretem
747 3841 855 3902 stuppa
869 3838 967 3891 calens
980 3837 1064 3891 bibit.

435 3961 540 4013 Nectar
554 3962 589 4014 de
599 3962 711 4027 liquido
725 3963 833 4016 vertice
847 3961 995 4014 fervidum

432 4050 583 4104 Guttatim
597 4051 727 4104 lacrimis
740 4051 836 4104 stillat
848 4051 1010 4119 olentibus,

432 4140 615 4192 Ambustum
629 4141 768 4206 quoniam
784 4141 827 4194 vis
841 4140 912 4193 facit
924 4141 1011 4205 ignea

433 4215 563 4281 imbrem
577 4229 612 4281 de
625 4230 742 4283 madido
755 4231 823 4283 flere
836 4230 998 4284 cacumine.

325 4385 327 4390 .
434 4355 596 4420 splendent
609 4369 678 4420 ergo
690 4356 753 4408 tuis
765 4356 952 4424 muneribus,
966 4360 1060 4426 pater,

438 4444 579 4496 Flammis
593 4445 753 4498 mobilibus
766 4446 861 4498 silicet
872 4445 956 4511 atria,

434 4534 653 4599 Absentemque
665 4535 743 4586 diem
756 4535 809 4586 lux
823 4535 886 4600 agit
899 4535 1016 4604 aemula,

437 4623 532 4684 Quam
546 4636 604 4674 nox
618 4635 686 4674 cum
699 4625 793 4676 lacero
808 4625 885 4678 victa
898 4623 977 4689 fugit
990 4624 1074 4689 peplo
1088 4621 1097 4692 (
1113 4621 1131 4694 ).

221 4788 251 4850 (¹)
267 4784 342 4839 Colla.
362 4789 395 4849 V,
415 4790 450 4840 16.
468 4817 498 4825 -
510 4790 580 4840 Vide
599 4791 712 4855 insuper
731 4796 796 4855 quot
814 4791 927 4842 floribus
947 4791 1061 4856 poeticis
1082 4789 1134 4842 duo
1153 4790 1245 4854 hqtuni
1264 4790 1462 4854 Jejunaniinm,

198 4867 261 4920 Post
272 4869 411 4934 iejunium
424 4869 511 4934 (Gallu.
526 4871 586 4931 Vll,
602 4871 678 4934 Vlll)
691 4871 837 4922 ltrxurieut.
