3592 5668
737 553 776 561 —
799 517 836 580 lb
856 549 896 561 -
1389 571 1392 578 ,

222 637 291 699 Non
306 635 373 698 sine
388 634 516 698 nomine
527 633 626 713 gentis
639 638 714 708 erat,
728 632 754 695 si
767 631 893 696 chrici
905 632 1012 696 Floret
1022 631 1178 713 Hiapcaic
1187 647 1282 694 scere
1296 619 1450 694 oredimus

183 733 239 812 qui
253 731 394 796 floruisse
406 732 651 810 Caesaraugustae·
660 731 855 793 Clementunr
870 729 1020 793 familiam
1034 718 1152 810 dicitll,
1167 747 1233 809 cap.
1245 729 1296 802 lX,
1309 727 1352 808 9).
1365 727 1451 790 Nihil

183 832 265 894 ultra
280 829 369 893 nohis
384 827 529 893 occurrit.

223 930 320 992 Natus
342 933 397 1000 est,
412 925 439 989 si
460 925 518 1006 ipsi
535 925 699 998 eredimus,
717 924 799 988 Salia
821 925 948 988 consule
963 923 1012 1006 (Ι),
1030 923 1062 988 id
1081 931 1137 998 est,
1158 923 1184 986 si
1203 922 1287 986 lastis
1309 922 1451 985 consula·

183 1025 271 1090 ribus
289 1032 320 1089 et
337 1023 408 1086 Artr'
430 1031 560 1102 tempora
583 1023 741 1104 deficiendi
756 1023 795 1102 (²)
816 1023 955 1098 confidis,
974 1039 1056 1086 anno
1074 1027 1142 1102 post
1162 1023 1189 1084 J.
1205 1020 1361 1086 Christum
1379 1020 1448 1083 3u8.

182 1124 271 1198 Quod
295 1122 334 1186 ad
353 1121 519 1201 pueritiam
546 1120 665 1196 attinet,
690 1119 877 1200 impensiore
895 1137 952 1183 nos
972 1119 1132 1200 diligentia
1151 1119 1217 1198 ipse
1239 1119 1328 1182 docet
1349 1118 1448 1195 (Prael.

183 1221 340 1296 universa,
358 1221 407 1300 7);
428 1284 431 1290 ,

464 1376 544 1428 AEtas
557 1373 653 1438 prima
665 1373 854 1438 crepantibus

465 1462 560 1514 Flevit
572 1462 629 1514 sub
642 1461 745 1514 ferulis
751 1497 899 1515 .........

224 1613 339 1690 Togam
363 1610 476 1674 deinde
500 1610 641 1690 sumpsit,
662 1610 746 1688 quod
767 1625 803 1672 ea
829 1610 999 1672 verborum
1020 1609 1221 1688 ambiguitate
1241 1616 1394 1673 memorat
1418 1616 1452 1672 ut

184 1709 282 1773 animi
305 1708 442 1789 pendens
462 1724 583 1786 quaeras
603 1713 792 1787 praetextam
808 1723 848 1770 an
863 1705 964 1769 virilis
984 1708 1051 1770 haec
1071 1714 1141 1786 toga
1161 1706 1452 1771 luerit.l1aecenim

185 1808 288 1889 draci.
305 1807 462 1910 universa,
478 1806 510 1886 8)
527 1821 591 1868 non
606 1805 679 1868 satis
693 1804 759 1883 ejus
772 1805 958 1869 sententiam
972 1805 1117 1886 aperiunt
1132 1826 1140 1868 :
1243 1833 1245 1840 ⁴

397 1996 725 2016 ...................
730 1960 796 2012 Mox
810 1958 909 2012 docuit
922 1962 993 2024 toga

394 2049 542 2102 infectum
554 2048 636 2102 vitiis
649 2047 724 2101 falsa
736 2048 827 2115 loqui,
843 2061 903 2100 non
916 2047 980 2100 sine
992 2047 1124 2102 crimine.

227 2198 342 2261 «Falsa
354 2197 452 2275 loqui,
465 2212 528 2260 non
539 2197 771 2261 sinecrimine›
788 2196 840 2260 vel
852 2198 890 2260 de
901 2197 1063 2260 rhetorum
1075 2196 1217 2273 officinis,
1225 2197 1276 2260 vel
1288 2197 1327 2260 de
1336 2198 1452 2261 lorensi

179 2295 282 2357 studio
305 2295 365 2357 dici
387 2300 495 2374 potest.
523 2295 597 2369 Qua
624 2311 825 2373 quocumque
852 2295 945 2357 modo
971 2293 1043 2369 sint,
1067 2294 1170 2374 palanr
1192 2300 1238 2357 est
1261 2295 1452 2358 causidicum
1542 2356 1544 2360 .

183 2393 385 2454 Prudentium
401 2393 515 2454 lactum
531 2409 607 2468 esse,
625 2409 696 2455 cunr
711 2392 793 2454 dicat
808 2393 907 2469 (Prael.
925 2390 1082 2467 universa,
1100 2391 1167 2470 l3):

395 2613 398 2620 ῃ
500 2546 577 2598 Exin
588 2546 689 2612 jurgia
702 2547 835 2600 turbidos

425 2636 585 2687 Armorum
597 2635 712 2686 animos
726 2638 756 2688 et
768 2636 845 2690 male
858 2635 994 2699 pertinax

426 2722 568 2774 Vincendi
581 2723 715 2775 studium
728 2723 877 2788 subjacuit
890 2719 1007 2776 casibus
1019 2723 1140 2789 asperis.

220 2869 300 2943 Quid
322 2869 370 2931 his
391 2869 540 2949 proximis
559 2870 662 2933 verbis
681 2869 902 2950 significaverit
919 2888 1030 2950 parum
1051 2871 1160 2949 liquet.
1180 2871 1249 2935 Non
1273 2871 1357 2934 enirn
1378 2877 1453 2936 sunt

181 2967 354 3030 forensibus
370 2968 625 3048 occupationibus
635 2968 739 3032 dedito
754 2973 799 3031 tot
809 2969 964 3032 subeundi
980 2987 1077 3034 casus.
1088 2971 1198 3033 Nonne
1210 2969 1452 3033 existimandum

179 3065 1449 3146 sitnostrum,histemporibusdisputantiumtumultuetturbineraptumluisse,

180 3179 242 3241 quo
257 3164 314 3226 sub
330 3165 424 3226 finem
443 3164 541 3227 seculi
561 3163 663 3242 quarti
683 3165 754 3228 duae
772 3163 938 3242 religiones
956 3164 1229 3228 vehementissime
1239 3164 1447 3243 motabantur,

181 3267 212 3323 et
227 3261 367 3324 oratione
385 3261 497 3336 soluta,
515 3278 593 3340 quos
613 3261 727 3325 deinde
739 3260 881 3324 versibus
902 3261 1060 3324 acerrimis
1074 3262 1208 3338 vexavit,
1225 3262 1344 3327 scilicet
1363 3263 1449 3326 omni

180 3374 295 3436 genere
315 3358 477 3422 haereticos
497 3365 551 3422 aut
569 3360 718 3422 falsorum
747 3360 884 3422 Deorum
906 3359 1050 3435 cultores,
1071 3359 1209 3439 primum
1229 3360 1451 3440 exagitavisse?

180 3455 246 3528 Quo
261 3472 348 3517 more
361 3455 386 3517 si
402 3473 450 3518 res
465 3456 512 3518 illi
525 3473 558 3519 se
573 3455 692 3532 babuit,
709 3455 782 3519 satis
797 3473 897 3519 causae
912 3456 971 3518 luit
982 3474 1038 3519 cur
1052 3458 1145 3520 modo
1156 3458 1300 3521 secundis
1310 3463 1451 3521 uteretur

179 3551 283 3627 rebus,
299 3553 392 3616 modo
411 3553 526 3633 asperis
546 3553 667 3617 casibus
683 3553 923 3616 conflictaretur.
941 3553 989 3616 lld
1009 3572 1163 3619 summam
1183 3562 1303 3618 certum
1317 3563 1362 3618 est
1376 3555 1450 3618 Pru-

180 3649 321 3712 dentium
362 3667 417 3730 per
448 3651 645 3729 juventutem
678 3650 772 3714 luisse
806 3652 969 3715 rhetorum
1007 3652 1206 3733 discipulum,
1244 3653 1447 3730 causidicum,

179 3747 349 3812 verisimile
377 3748 551 3816 factiosum.

219 3845 307 3908 rldde
335 3846 548 3922 libidinosum,
574 3847 685 3910 sedin
711 3847 864 3912 credendo
894 3853 1012 3912 cautus.
1040 3847 1119 3910 Dicit
1144 3846 1229 3910 enim
1257 3847 1322 3928 ipse
1345 3848 1446 3930 (Praei.

179 3941 336 4020 universa,
355 3943 403 4019 lli)
423 3965 430 4007 :

496 4084 572 4134 Tum
585 4081 694 4135 lasciva
705 4083 881 4148 protervitas

426 4172 465 4222 Et
476 4171 567 4223 luxus
579 4171 717 4236 petulans
731 4169 801 4237 (beu
814 4171 904 4236 pudet
917 4183 950 4224 ac
963 4169 1055 4240 piget)

426 4260 558 4312 Foedavit
568 4260 708 4325 juvenem
721 4259 861 4326 nequitiae
874 4260 1010 4314 sordibus
1024 4275 1058 4315 ac
1068 4262 1143 4330 luto,

178 4423 244 4470 sese
260 4408 325 4486 ipse
339 4424 482 4486 arguens,
499 4413 534 4504 ut
548 4407 776 4483 Tertullianus,
793 4409 975 4489 Cyprianus,
993 4409 1057 4473 alii.
1074 4410 1135 4474 Sed
1149 4411 1375 4490 quinquaginta
1389 4413 1450 4476 hoo

179 4505 291 4569 latetur
305 4510 335 4567 et
345 4510 461 4584 septem
473 4504 601 4584 insuper
613 4522 710 4568 annos
722 4511 823 4583 natus,
837 4523 908 4585 quae
919 4523 1018 4587 prona
1029 4515 1075 4571 est
1085 4515 1158 4572 aetas
1170 4509 1209 4572 ad
1221 4509 1449 4573 criminandum

207 4690 236 4751 (1)
253 4690 366 4757 irrepsit
376 4689 463 4743 subito
476 4691 589 4744 canities
603 4691 661 4744 serti
672 4691 790 4746 Oblitum
805 4693 901 4747 celcris
915 4707 957 4746 mc
973 4691 1054 4748 Salia
1069 4695 1187 4748 consulis
1205 4709 1332 4762 argueras.
1354 4695 1447 4760 (Pras.

178 4770 313 4825 universa.
326 4772 379 4832 23.)
1042 4791 1045 4796 ·

211 4849 243 4914 (¹)
262 4853 311 4903 Art
323 4849 470 4916 decoriter
480 4855 516 4903 les
529 4851 608 4905 dutus.
