3640 5670
878 484 1037 546 ..88-

325 622 494 700 agnoscatt
508 621 582 696 Quae
604 635 640 682 eo
661 619 758 699 magis
775 635 831 682 nos
849 595 1011 682 oflendunt
1026 619 1107 699 quod
1122 618 1241 684 eximiis
1261 619 1453 697 inseruntur,
1468 623 1504 681 ut
1522 617 1594 682 huic

322 719 522 800 descriptioni
536 735 602 800 quae
616 718 778 798 Virgilium
793 717 872 800 sapit
889 739 896 782 :

638 857 699 909 Hac
714 856 792 909 inter
805 856 948 908 immotus
960 857 1062 907 manet

640 948 793 1010 Tanquam
805 945 942 998 doiorum
954 944 1081 1009 nescius,

640 1034 803 1100 Tenditqne
815 1035 847 1087 in
860 1035 955 1087 altum
969 1034 1100 1086 lumina:

645 1126 719 1176 Nam
734 1125 832 1206 vincla
844 1125 957 1189 palmas
969 1127 1147 1188 presserant.
1162 1119 1282 1192 (Perist.
1298 1124 1333 1190 V,
1348 1119 1411 1191 233)

362 1257 412 1321 Sic
440 1257 472 1320 in
501 1258 651 1334 Romano,
675 1271 745 1319 cum
767 1255 904 1340 carnifex
923 1255 1067 1335 martyris
1095 1255 1304 1322 «charaxavit
1323 1253 1427 1318 ambas
1444 1252 1594 1334 aupaldus

321 1372 438 1436 pauor»
459 1355 549 1419 miles
568 1355 622 1419 Dei
639 1360 818 1418 constanter
835 1354 991 1433 equidem,
1008 1352 1062 1416 sed
1083 1369 1178 1432 pravo
1199 1360 1320 1416 tumore
1341 1353 1519 1430 verborum,
1534 1369 1593 1414 nec

322 1455 395 1517 satis
408 1453 551 1535 ampullis
565 1453 722 1534 projectis,
737 1452 887 1516 exclamat
902 1473 910 1514 :

512 1592 616 1644 Grates
631 1591 696 1659 tibi,
711 1604 728 1643 o
743 1589 888 1658 prateae,
901 1601 1027 1655 magnas
1041 1589 1140 1654 debeo,

513 1679 596 1743 Quod
609 1681 705 1734 multa
719 1679 852 1745 pandens
865 1692 915 1732 ora
925 1680 987 1744 jam
1000 1679 1154 1732 Christum
1166 1679 1281 1744 loquor3

515 1772 655 1824 arctabat
668 1769 760 1835 ampli
773 1770 904 1822 nominis
916 1769 1098 1834 praeconium
1371 1751 1373 1756 ¹

514 1863 627 1915 Meatus
641 1874 732 1928 unus,
747 1861 843 1926 impar
856 1862 891 1912 ad
904 1859 1006 1912 laudes
1019 1859 1079 1914 Dei.
1095 1855 1217 1928 (Perist.
1232 1859 1269 1927 X,
1283 1855 1345 1928 562)

357 1994 422 2068 Quo
442 2000 565 2074 reperto
581 1993 657 2057 adeo
678 1991 864 2056 Prudentius
885 1991 1056 2055 delectatur
1075 1996 1109 2054 ut
1129 1991 1158 2055 in
1180 1990 1238 2054 hoc
1260 1991 1442 2055 immoretur
1462 1991 1591 2071 ampliti-

317 2092 413 2156 cando
429 2098 460 2156 et
475 2094 506 2156 in
522 2093 588 2156 baec
602 2092 760 2155 ambitiosa
776 2091 913 2171 putidius
929 2096 1091 2170 erumpat:

509 2232 564 2283 'l'ot
577 2242 642 2282 ecce
656 2229 780 2281 laudant
793 2241 843 2281 ora
858 2231 929 2294 quot
942 2231 1015 2280 sunt
1028 2228 1161 2282 vulnera.
1177 2224 1250 2296 (570)

315 2375 467 2440 Haecsunt
481 2370 635 2451 turgentis
647 2376 678 2434 et
692 2368 881 2448 ebullientis,
893 2373 927 2432 ut
937 2369 1044 2432 Cicero
1057 2369 1110 2446 ait,
1123 2367 1208 2432 vitia.
1222 2369 1286 2432 hlia
1303 2375 1387 2448 sunt,
1401 2387 1469 2450 qua
1479 2387 1587 2450 magna

314 2477 465 2552 exparte,
481 2469 588 2548 generi
610 2469 667 2549 ipsi
690 2468 850 2540 tribuenda
873 2477 902 2530 et
924 2467 1107 2546 assignanda
1130 2475 1214 2546 sunt,
1231 2468 1365 2530 notanda
1386 2475 1502 2536 tamen.
1522 2471 1586 2533 Non

249 2565 252 2574 ’
313 2587 370 2633 nos
383 2569 461 2649 fugit
473 2569 644 2648 theologice
660 2574 690 2630 el
702 2567 788 2648 quasi
801 2584 817 2629 e
830 2566 974 2629 cathedra
989 2566 1189 2629 Prudentium
1202 2566 1386 2646 plerumque
1398 2568 1586 2631 concionari.

313 2669 388 2732 Inde
400 2670 434 2732 iit
449 2675 483 2731 ut
498 2667 637 2731 oratione
656 2666 755 2730 soluta
775 2665 884 2728 crebro
903 2665 1075 2744 eloquatur,
1091 2670 1122 2726 et
1138 2680 1261 2727 carmen
1277 2665 1433 2728 interdum
1448 2666 1589 2730 videatur

320 2791 332 2824 ι
348 2768 408 2830 nisi
424 2767 504 2847 quod
522 2767 602 2846 pede
618 2771 702 2828 certo
717 2765 819 2827 diiiert
833 2764 981 2837 sermoni,
998 2779 1098 2826 sermo
1115 2779 1228 2825 merus.
1248 2787 1258 2819 ι
1282 2765 1346 2827 Hoc
1361 2764 1392 2826 in
1407 2764 1586 2844 Apotheosi,

313 2866 362 2930 vel
378 2867 410 2930 in
426 2863 665 2945 Psychomachia
682 2879 751 2925 cum
768 2862 889 2936 accidit,
906 2861 950 2923 nil
965 2861 1088 2924 mirum.
1107 2861 1217 2924 Utatur
1231 2869 1320 2940 poeta
1336 2863 1437 2926 verbis
1456 2864 1588 2943 propriis

313 2963 596 3039 etdominantibus‚
606 2979 675 3042 uuae
689 2961 874 3040 theologiam
884 2968 914 3022 et
924 2959 1113 3022 dialecticam
1123 2947 1393 3040 redoleantatque
1408 2962 1478 3024 ideo
1492 2963 1588 3042 stylus

313 3062 474 3144 paululum
502 3067 602 3141 repat,
619 3077 682 3123 non
699 3060 730 3124 id
745 3060 851 3140 iniquo
871 3060 968 3123 ieram
985 3060 1099 3135 animo,
1116 3059 1197 3139 quod
1214 3060 1245 3121 in
1266 3059 1378 3124 talibus
1400 3061 1589 3139 argumentis

313 3163 379 3225 iere
396 3161 605 3224 necessarium
621 3166 678 3222 est.
697 3159 762 3222 Alia
777 3175 853 3221 vero
869 3157 999 3237 requirit
1012 3158 1106 3237 lyrica
1122 3158 1237 3236 poesis,
1252 3164 1283 3218 et
1298 3157 1447 3237 imprimis
1458 3167 1587 3237 motum,

314 3259 468 3339 spiritum,
485 3258 676 3321 varietatem.
692 3257 880 3320 Prudentius
895 3264 1009 3332 autem,
1023 3256 1073 3318 vel
1089 3257 1120 3318 in
1136 3255 1260 3336 hymnis
1280 3256 1323 3336 (in
1339 3258 1449 3321 Perist.
1464 3273 1590 3336 praeser-

315 3357 396 3436 tim),
414 3343 493 3431 cum,
512 3363 618 3436 utpote
642 3356 714 3419 fidei
731 3356 862 3435 diligens
887 3361 1032 3427 assertor,
1054 3356 1086 3417 in
1109 3354 1168 3416 hoc
1189 3355 1357 3432 incumbat,
1381 3363 1414 3418 ut
1435 3363 1587 3437 praecepta

314 3457 452 3519 srdelium
471 3454 582 3518 animis
600 3455 720 3517 haesura
739 3454 899 3538 diffundat,
917 3454 1107 3536 pedetentim
1124 3453 1275 3533 procedit,
1291 3454 1372 3516 viam
1392 3461 1501 3533 tentat,
1519 3473 1588 3520 cau-

315 3555 450 3619 tissimus
483 3549 585 3630 docet,
610 3569 663 3630 ne,
688 3553 898 3632 petulantibus
927 3552 1030 3614 verbis
1061 3552 1232 3614 doctrinam
1265 3552 1430 3630 excedens,
1456 3571 1524 3616 eam
1553 3555 1587 3618 in

314 3655 446 3719 latentes
474 3652 601 3715 insidias
631 3652 824 3731 detorqueat.
851 3651 927 3713 inde
954 3657 1055 3730 poeta,
1082 3650 1352 3730 quemadmodum,
1374 3652 1445 3714 fidei
1472 3653 1586 3733 impetu

313 3753 465 3829 intentus,
485 3767 604 3816 musam
625 3751 664 3813 ad
684 3749 825 3813 sublimia
849 3748 990 3828 provexit
1010 3748 1060 3811 vel
1084 3749 1185 3812 inania
1209 3750 1365 3812 interdum
1386 3757 1585 3830 captaturam‚

315 3852 409 3914 sicet
431 3849 503 3912 fidei
524 3849 672 3912 docendae
695 3847 854 3928 diligentia
880 3856 997 3928 captus,
1024 3848 1055 3910 in
1081 3847 1238 3926 angustias
1261 3864 1378 3911 musam
1404 3865 1466 3911 non
1491 3851 1586 3912 semel

314 3948 454 4024 immisit,
475 3948 559 4012 unde
582 3973 593 4004 ι
608 3948 723 4027 referre
731 3948 833 4028 partera
844 3947 908 4026 jam
925 3948 973 4010 lca
988 3947 1084 4028 operis
1097 3945 1254 4010 uetabat.»

354 4045 446 4110 Aliud
461 4045 570 4108 vitium
587 4052 633 4108 est
648 4046 728 4124 quod
742 4052 913 4109 nostratem
927 4046 1074 4109 lectorem
1092 4045 1192 4109 acrius
1208 4045 1337 4108 otiendit
1351 4052 1382 4108 et
1401 4045 1460 4120 cui,
1477 4048 1584 4122 laieor,

314 4147 418 4212 minus
441 4145 531 4208 lacile
548 4150 594 4208 est
619 4144 789 4224 ignoscere.
816 4144 933 4224 Nempe
955 4145 1066 4225 saepius
1085 4145 1271 4208 Prudentius
1283 4146 1456 4224 juventutis
1469 4163 1588 4210 memor

324 4246 429 4308 «male
439 4244 607 4324 pertinacis
621 4265 632 4300 s
644 4242 799 4325 ,turpiter
813 4243 980 4323 probrosus
995 4243 1241 4322 deprehenditur
1255 4261 1325 4307 cum
1346 4245 1377 4306 in
1398 4245 1469 4308 lidei
1485 4246 1586 4309 hostes
1620 4325 1624 4332 Ι

316 4342 487 4408 invehitur.
500 4331 639 4420 Exempli
657 4355 747 4403 causa
762 4341 1006 4421 Peristephanon
1022 4343 1049 4404 X
1064 4341 1107 4422 (v.
1127 4341 1196 4420 lssd)
1210 4341 1317 4404 videre
1331 4340 1415 4420 licet,
1431 4349 1463 4406 et
1477 4344 1511 4406 C.
1528 4343 1559 4406 S.
1575 4345 1585 4405 l

318 4440 360 4523 (v.
388 4440 470 4518 itti),
494 4439 586 4502 nimis
610 4438 704 4501 multu
727 4439 795 4500 alia.
820 4439 907 4516 Inde,
942 4440 1024 4519 quod
1050 4437 1298 4519 vituperabilius,
1325 4441 1481 4504 interdum
1505 4459 1587 4505 vera

205 4529 210 4536 ’
316 4539 436 4617 sordes,
453 4553 581 4618 quarum
598 4537 693 4601 multa
710 4535 832 4617 quidem
850 4538 1004 4601 dederunt
1018 4538 1156 4617 exempla
1172 4537 1276 4601 latinae
1291 4540 1414 4618 litterae,
1431 4558 1499 4620 qnae
1513 4558 1587 4604 vero

315 4637 445 4699 minime
460 4636 670 4700 Christianum
684 4635 808 4713 decent,
821 4635 870 4698 vel
885 4635 923 4698 dc
938 4637 1082 4715 gentibus
1094 4637 1281 4717 loquentem.
1294 4637 1371 4700 Vide
1387 4639 1499 4718 hpoth.
1514 4640 1585 4716 tot,

316 4735 424 4799 aaut.
442 4738 481 4814 n,
494 4735 563 4811 aot,
581 4735 691 4797 reuss.
708 4735 746 4815 u,
761 4734 833 4813 aar,
849 4735 958 4815 aspa.
976 4736 1044 4816 ars,
1062 4720 1502 4820 nemorumnemorum,
1517 4738 1587 4818 nro,

316 4835 424 4915 Psyoh.
442 4835 511 4912 720,
527 4833 615 4898 allas.
