3640 5670
898 494 933 504 -
959 459 1074 521 idh—

351 574 481 636 Dantem
502 573 635 653 adimus,
656 579 778 654 poetam
799 575 1000 639 meminimus
1020 575 1074 656 qui
1095 572 1213 655 poesim
1227 589 1265 636 ex
1284 573 1442 655 theologia
1464 574 1554 654 petiit
1570 575 1620 656 (¹);

351 671 428 750 sive,
450 690 520 735 cum
540 681 680 735 nostrum
701 673 818 735 Roman
841 675 875 735 dc
896 675 928 737 to
950 675 1024 736 Rose
1046 671 1212 750 volvimus,
1233 678 1264 735 et
1282 672 1451 735 Froochim
1475 674 1622 736 adversus

350 770 494 851 Duopicr,
511 771 608 834 Hootc
627 772 774 834 adversus
791 772 970 848 Bion-Celer,
989 773 1094 834 Pooor
1113 773 1264 834 adversus
1283 770 1406 834 Secrete'
1420 769 1528 851 prelia
1548 770 1624 849 legi-

350 885 431 946 mus,
446 867 495 931 vel
516 870 635 933 Veneris
650 887 719 933 cum
735 869 858 932 Amoris
873 871 1019 932 66666116
1030 868 1268 950 descriptionem
1284 868 1335 949 (2),
1350 869 1623 949 Psychomachiem

351 967 551 1030 recordamur
557 988 566 1042 3
578 967 655 1048 sive,
667 984 738 1031 cum
752 967 862 1030 mediae
873 967 971 1030 aetatis
984 967 1196 1030 incomitatus
1212 966 1390 1046 incidimus,
1404 967 1498 1048 lyrica
1514 967 1623 1030 eadem

351 1070 381 1126 et
409 1065 494 1145 epioe
522 1067 637 1129 veteris
665 1067 762 1129 nostri
791 1067 869 1130 vatis
897 1066 1034 1130 carmina
1059 1065 1241 1146 repetimus.
1270 1066 1343 1128 inde
1372 1055 1623 1130 doctissimorum

349 1162 501 1243 virorum,
516 1164 648 1243 Erasmi‚
664 1164 743 1227 Petri
763 1164 866 1245 Bayte,
887 1165 1025 1229 studium
1045 1172 1075 1227 et
1096 1164 1269 1228 admiratio.
1288 1164 1374 1243 inde,
1396 1181 1467 1228 cum
1487 1165 1623 1228 habeant

349 1278 405 1325 sua
420 1261 480 1325 tata
494 1263 606 1342 libelii,
618 1263 898 1327 Prudentianorom
909 1264 1043 1327 fautores
1055 1263 1208 1344 praeclari,
1220 1263 1273 1344 qui
1289 1265 1391 1327 torsan
1405 1279 1465 1325 non
1479 1262 1537 1325 sibi
1551 1279 1623 1325 cum

350 1358 517 1423 Prudentio
538 1375 603 1423 rem
622 1377 688 1423 esse
707 1361 853 1442 suspicati
872 1359 959 1440 sunt,
976 1361 1140 1426 Cornelius
1160 1367 1190 1424 et
1204 1361 1352 1426 Racinius
1374 1361 1472 1424 nostri
1492 1360 1620 1433 scilicet,

350 1457 415 1536 qui,
432 1475 503 1523 cum
517 1459 711 1524 Breviorium
730 1461 904 1524 Romanum
918 1460 952 1523 in
968 1477 1092 1524 carmen
1109 1452 1255 1540 gatticum
1274 1466 1444 1541 verterent,
1461 1459 1621 1523 prudentii

348 1555 588 1621 Cathemerinon
602 1559 787 1623 Mutationem
802 1565 832 1622 et
846 1559 894 1621 Au
906 1560 984 1641 polii
998 1567 1129 1635 coetum,
1147 1559 1272 1641 partim,
1289 1558 1378 1622 inscii
1395 1557 1621 1636 verisimiliter,

348 1653 541 1736 interpretati
563 1664 635 1720 sunt
656 1657 705 1737 ()·
722 1694 761 1703 -
782 1658 822 1720 Ut
841 1658 981 1739 proxime
1002 1664 1122 1722 tantum
1144 1659 1182 1722 ad
1202 1658 1406 1722 Prudentium
1431 1655 1621 1738 pertinentia

348 1761 534 1834 spectemus,
548 1754 622 1817 huic
636 1755 792 1836 praecipue
806 1756 981 1835 sententiae,
996 1757 1092 1820 finem
1111 1755 1235 1820 dicendi
1258 1755 1417 1834 iacientes,
1433 1755 1619 1826 haereamus‚

346 1851 550 1916 Prudentium
565 1853 649 1916 itlius
663 1854 830 1918 latinarum
841 1853 1015 1918 litterarum
1026 1854 1243 1935 reparationis,
1254 1871 1325 1933 quae
1336 1852 1499 1918 desinente
1510 1858 1621 1934 quarto

347 1951 464 2031 secuto,
480 1951 608 2016 ineunte
623 1952 745 2034 quinto,
759 1953 838 2017 facta
853 1953 922 2032 tuit,
938 1971 1044 2018 rerum
1065 1954 1215 2035 pondere,
1230 1951 1384 2022 sermonis
1399 1952 1514 2035 integri
1532 1968 1620 2034 cure,

347 2036 607 2133 norperticipem
621 2051 734 2128 solum,
751 2053 805 2116 sed
818 2052 1012 2133 potissimum
1027 2052 1121 2116 tuisse
1138 2060 1313 2118 auctorem.

378 2257 404 2322 (¹)
421 2257 455 2309 Gi
462 2280 468 2308 ι
482 2259 510 2308 F.
527 2259 689 2336 Detayigne:
709 2259 744 2310 de
760 2259 847 2324 lyrica
863 2259 935 2326 apud
950 2259 979 2312 P.
998 2260 1069 2326 poesi
1084 2261 1229 2324 (Toutouse
1247 2260 1317 2324 1818)
1335 2286 1365 2298 -
1384 2261 1422 2312 De
1439 2259 1469 2310 P.
1486 2259 1620 2326 theologia

347 2337 409 2388 vide
420 2339 453 2388 A.
466 2338 565 2402 Bayle:
580 2337 666 2390 Etude
676 2353 724 2390 sur
736 2341 765 2392 P.
777 2341 873 2404 (Paris,
890 2341 961 2402 1861))
973 2357 999 2408 p.
1014 2343 1055 2393 91.

378 2418 410 2482 (²)
426 2417 528 2471 Roman
538 2417 570 2470 dc
583 2419 610 2471 16
622 2418 694 2472 Reae.
707 2435 733 2472 v.
747 2419 819 2472 tcttt
836 2421 871 2470 nd
884 2421 968 2472 16736.

377 2498 407 2562 (t)
425 2497 612 2550 Addcndusne
637 2505 678 2550 est
705 2505 797 2551 noster
816 2500 959 2552 Villemeiu
987 2503 1033 2566 qui
1058 2517 1119 2552 cum
1148 2503 1307 2567 exquisitos,
1336 2501 1476 2553 mirandos
1502 2515 1614 2554 versus:

350 2577 477 2631 «8616616
487 2579 565 2644 (iores
576 2585 762 2646 martyrum...
773 2602 786 2628 6
799 2583 897 2632 merita
909 2583 988 2634 laude
1001 2589 1162 2648 prosecutus
1176 2588 1216 2634 est
1231 2583 1407 2648 (Litteraturc
1422 2595 1459 2634 66
1476 2593 1553 2634 xvnr
1564 2583 1611 2634 sie

348 2660 393 2722 cle,
408 2661 467 2725 Lep.
481 2661 522 2722 ΙΙ),
534 2673 667 2728 anonymo
679 2663 788 2714 cuidam
799 2668 886 2728 pootae
899 2677 944 2715 cos
956 2665 1124 2728 assignavit?
