3640 5670
315 647 394 719 aral,
414 645 449 704 at
468 656 521 703 sua
545 637 641 718 ipsias
661 643 811 701 tormenta
832 638 905 700 olim
923 638 1110 702 Fructuosus
1128 638 1239 702 allevet
1260 639 1385 702 «dulces
1400 637 1587 717 lecdecasyl-

315 738 399 803 labos
411 741 573 824 rcecleccs.
591 760 602 794 ι
1087 781 1088 784 η

355 837 404 919 (F)
419 836 549 901 Mullum
563 835 692 899 secundi
708 833 953 918 peristephanon
969 835 1103 915 speciem
1119 835 1214 899 refert
1228 837 1255 900 V
1269 835 1370 915 quide
1384 835 1413 898 S.
1435 835 1586 898 Vincentio

314 943 373 1001 est.
395 937 563 1018 Utriusque
582 937 691 999 eadem
711 937 801 1013 ratio,
822 935 991 1016 dispositio,
1008 942 1142 998 metram
1163 937 1256 999 idem.
1277 937 1376 1014 AEqae
1395 940 1526 1012 uterque
1549 935 1587 996 ad

313 1035 462 1116 populare
477 1053 575 1116 genas
590 1036 716 1099 omnino
731 1035 877 1098 retertur.
894 1037 992 1097 Breve
1011 1035 1205 1116 procamium,
1220 1035 1369 1115 producta
1385 1039 1416 1096 et
1436 1033 1502 1096 tusa
1517 1049 1586 1095 aar·

315 1137 405 1213 ratio,
423 1136 460 1199 ad
476 1137 571 1199 finem
587 1150 695 1215 preces
710 1143 741 1197 et
755 1141 824 1197 vota
840 1135 878 1198 ad
892 1135 1111 1215 ladalpeete'cm
1125 1134 1154 1196 in
1173 1135 1276 1198 Sancti
1292 1133 1437 1196 celebrati
1451 1133 1587 1196 lautores

312 1235 521 1299 alliciendam.
543 1234 630 1298 Adde
651 1235 790 1314 quaedam
809 1233 841 1296 in
862 1233 1039 1297 narratione
1060 1234 1198 1312 vulgaria
1219 1240 1250 1296 et
1269 1233 1425 1296 sordidula
1445 1247 1533 1311 reque
1552 1247 1587 1294 ac

312 1337 344 1398 in
366 1335 481 1414 hymno
503 1333 542 1397 de
562 1333 740 1410 Laurentio,
757 1339 787 1394 et
807 1349 841 1394 ea
863 1349 932 1412 quae
951 1332 1049 1395 turbae
1067 1331 1196 1395 nimium
1216 1333 1398 1394 adsensum
1420 1345 1588 1393 accommo-

313 1433 438 1496 dentur.
461 1433 528 1495 Jam
547 1431 659 1512 parlim
681 1432 831 1512 hymnum
853 1432 994 1511 quintum
1011 1429 1254 1510 Peristephanon
1277 1429 1495 1510 descripsimus
1516 1445 1585 1492 cum

312 1531 424 1612 quibas
446 1547 484 1593 ex
504 1529 640 1594 sontibus
662 1530 871 1593 Prudentiana
893 1529 994 1610 poesis
1016 1535 1157 1591 manaret
1178 1528 1419 1608 requireremus.
1441 1527 1506 1590 Scis
1522 1525 1585 1604 iam

310 1629 510 1694 Vincentium
525 1627 689 1692 diaconum
706 1644 777 1691 cum
790 1628 927 1707 Valerio,
942 1628 1184 1714 Caesaraugustae
1205 1628 1360 1708 episcopo,
1378 1642 1447 1689 cum
1467 1625 1586 1688 nollent

311 1745 401 1792 saxea
418 1731 449 1791 et
462 1727 564 1807 lignea
583 1726 711 1790 numina
731 1726 846 1804 colere,
862 1727 899 1789 ad
915 1727 1116 1806 quaestionem
1132 1732 1254 1805 raptum
1270 1741 1349 1788 esse.
1365 1725 1431 1787 Non
1448 1724 1538 1786 aliter
1551 1739 1585 1785 se

310 1826 404 1890 hahet
416 1826 551 1890 narratio
563 1825 644 1904 apud
656 1825 871 1904 Prudentiqm,
884 1825 942 1888 nisi
954 1825 1047 1904 quod,
1060 1833 1094 1888 ut
1106 1825 1186 1905 apud
1199 1832 1340 1887 nostrum
1356 1824 1390 1885 irt
1405 1821 1584 1902 saepissime,

310 1925 348 1988 ad
365 1925 534 1988 oratorium
550 1941 647 2004 genas
659 1924 787 1988 inclinat
799 1931 830 1987 et
843 1922 935 2003 longa
947 1925 1096 1987 concione
1108 1931 1264 1987 oneratur.
1277 1921 1395 2002 Nempe
1406 1922 1585 2001 priusquam

311 2021 439 2086 Caesaris
455 2023 619 2103 praelectus
631 2023 696 2104 (vel
711 2021 850 2102 praeses),
863 2021 1061 2086 Vincentium
1075 2022 1111 2085 ad
1121 2029 1280 2086 tormenta
1300 2021 1378 2084 trahi
1394 2022 1493 2100 y'uhet,
1506 2021 1585 2084 mire

310 2121 489 2185 commodus
505 2127 536 2184 el
551 2123 672 2201 patiens
687 2137 743 2200 pro
764 2127 908 2202 tyranno,
925 2121 976 2185 dia
998 2137 1066 2184 oum
1087 2121 1216 2184 diacono
1237 2119 1385 2199 delitigat.
1404 2120 1510 2184 Postea
1527 2125 1586 2181 tor

308 2229 413 2284 menta
430 2221 497 2284 tuse
512 2227 543 2283 et
558 2220 765 2301 particulatim
783 2220 1010 2298 describuntur,
1027 2237 1095 2300 quta
1110 2219 1190 2282 ridet
1205 2220 1294 2283 miles
1313 2219 1379 2296 Ilei,
1396 2220 1436 2281 ila
1451 2227 1486 2282 ut
1507 2237 1585 2281 «ars

309 2326 338 2383 et
351 2321 490 2382 dolorem
505 2320 686 2382 educator.»
708 2319 815 2382 Victus
831 2324 861 2382 et
882 2325 1030 2399 tyrannas
1053 2319 1090 2381 ad
1110 2336 1218 2398 rogum
1242 2316 1352 2382 deduci
1368 2319 1455 2396 jubet
1476 2326 1586 2398 marty-

309 2435 376 2480 rem
383 2439 392 2494 ;
407 2417 450 2480 nil
465 2417 548 2481 valet
562 2417 643 2497 iguis
655 2418 803 2480 adversus
815 2405 971 2494 sanctum;
986 2415 1029 2481 nil
1045 2424 1150 2497 postea
1167 2434 1272 2481 carcer
1286 2419 1419 2481 horreas
1429 2419 1582 2490 tenebris;

309 2516 353 2580 nil
375 2522 525 2580 testarum
545 2516 694 2596 fragmina
719 2517 829 2596 quihus
859 2518 991 2580 carceris
1019 2517 1118 2579 solum
1144 2517 1365 2580 consternitur.
1390 2517 1457 2579 ttox
1478 2516 1583 2579 iumen

309 2617 434 2679 coeiesle
464 2615 495 2677 in
524 2631 684 2702 'carcerom
713 2615 869 2695 irrumpit,
893 2621 1040 2678 testarum
1065 2615 1215 2694 fragmina
1242 2615 1271 2677 in
1297 2632 1382 2678 rosas
1407 2619 1581 2691 vertuntur,

309 2703 411 2794 angeli
432 2713 562 2777 militem
588 2713 643 2776 Ilei
670 2713 707 2778 ad
730 2714 784 2777 Dei
807 2714 1043 2777 contubernium
1060 2719 1187 2802 Arocant.
1209 2713 1283 2777 lude
1304 2719 1403 2794 poetae
1425 2729 1534 2794 preces
1553 2721 1584 2776 el

309 2819 390 2876 vota.

377 3020 392 3100 5
407 3020 443 3082 ll.
461 3053 501 3066 -
515 3017 560 3080 De
572 3019 811 3100 Peristeplreaou
825 3018 1004 3182 meffridus,
1022 3021 1068 3083 ael
1082 3021 1135 3101 pel
1148 3021 1246 3101 erepla
1261 3037 1281 3084 a
1295 3020 1418 3102 culpari
1431 3038 1518 3085 seusa

579 3129 580 3134 ’
856 3137 875 3182 e
897 3119 1032 3182 dorreal.

348 3303 498 3369 Venimus
513 3303 551 3366 ad
566 3304 698 3384 hymnos
713 3305 765 3385 qai
781 3306 877 3385 magis
894 3306 932 3369 ad
947 3307 1095 3370 lectorem
1117 3313 1257 3386 spectare
1272 3307 1419 3370 ridentur
1433 3323 1523 3388 qnam
1545 3307 1583 3370 ad

310 3400 449 3466 fideliam
465 3418 556 3465 aures
571 3403 602 3464 in
619 3403 748 3466 ecclesia
764 3404 952 3468 sedentium.
968 3406 1024 3467 Hic
1047 3407 1168 3486 lepeudc
1182 3407 1301 3469 recedit
1315 3407 1510 3487 pleramque,
1527 3407 1585 3468 his·

310 3500 386 3565 toria
412 3517 503 3563 saum
522 3501 572 3580 jus
594 3501 741 3564 uindicat.
758 3501 917 3565 Sententia
939 3503 1059 3578 saltem,
1079 3521 1141 3566 non
1162 3504 1327 3569 dicendum
1347 3510 1393 3567 est
1412 3504 1513 3582 altior,
1530 3504 1583 3567 sed

309 3599 502 3679 exquisitior,
516 3599 710 3679 concinnior,
723 3617 827 3663 reram
842 3602 963 3680 pondus
977 3603 1161 3682 plerumque
1177 3603 1310 3682 grauius.
1325 3603 1402 3666 Sunt
1418 3621 1455 3666 ex
1471 3605 1517 3666 his
1532 3605 1582 3684 qai

310 3699 479 3777 rhetorem,
498 3697 547 3761 alii
564 3699 718 3762 urbanum
734 3698 902 3779 hominem,
915 3699 965 3762 aiii
980 3700 1028 3762 vel
1045 3702 1235 3781 antiquitatis
1250 3702 1429 3780 diligentem
1446 3703 1583 3782 explora-

310 3805 409 3859 torem
431 3796 616 3876 doctumque
638 3798 739 3860 virum
762 3798 933 3876 redoleant,
950 3799 1033 3862 unde
1056 3801 1257 3863 confirmatur
1271 3801 1360 3864 nohis
1383 3801 1582 3865 Prudentium

311 3896 404 3958 tuisse
427 3912 497 3958 cum
518 3896 617 3974 plebis
638 3897 722 3975 pium
744 3897 936 3975 magistrum,
961 3905 1023 3960 tum
1046 3915 1117 3961 eum
1139 3900 1190 3976 qai
1213 3898 1383 3978 peritorum
1409 3917 1499 3964 aures
1520 3916 1581 3962 non

311 4011 405 4074 paruo
421 3993 522 4056 studio
538 3992 675 4072 allicere,
693 3995 858 4074 delectare,
875 3995 913 4059 ad
929 3997 984 4059 Dei
998 3997 1139 4077 gloriam,
1155 3998 1319 4062 niteretur.

350 4091 401 4172 (Α)
417 4091 719 4178 Scholasticasanus
735 4095 843 4157 Perist.
861 4101 919 4174 est,
936 4111 1028 4175 quem
1045 4097 1136 4158 timeo
1152 4111 1192 4158 ne
1207 4096 1276 4176 quis
1287 4104 1318 4159 el
1333 4096 1482 4175 puerilem
1499 4099 1582 4160 exis·

312 4191 409 4264 timet,
429 4191 467 4253 tx
482 4189 611 4268 scilicet,
629 4192 680 4271 qui
695 4198 741 4254 est
760 4193 798 4255 de
817 4194 962 4272 magistro
983 4211 998 4256 a
1018 4191 1174 4274 discipulis
1193 4201 1311 4274 martyr
1329 4196 1437 4273 tactus,
1458 4213 1533 4273 nou,
1549 4205 1583 4258 ut

313 4291 357 4367 til,
382 4289 559 4353 translativa
585 4306 692 4369 sensu,
716 4291 770 4354 sed
792 4307 866 4354 vere
889 4299 919 4354 et
941 4291 977 4354 ad
997 4292 1138 4356 verbum.
1161 4292 1234 4368 Quae
1260 4293 1417 4356 «distorta
1437 4317 1465 4369 ›,
1487 4303 1521 4356 ut
1542 4294 1584 4357 ait

310 4388 507 4463 Prudentius,
525 4389 583 4451 etsi
605 4389 746 4452 «tradite
762 4389 848 4453 le'drls
859 4414 889 4468 ι,
907 4390 1053 4453 itinerisa
1070 4391 1237 4454 Prudentia
1253 4393 1377 4456 Romam
1390 4392 1461 4455 facti
1477 4409 1583 4457 monu-

310 4493 450 4549 mentum
477 4493 536 4563 est,
563 4493 594 4550 el
618 4487 804 4550 narrationis
832 4503 847 4552 a
874 4488 992 4552 viatore
1016 4488 1104 4553 factae
1128 4493 1263 4569 speeiem
1293 4496 1406 4554 servat.
1432 4490 1581 4555 Videmus

308 4591 443 4664 poetam,
457 4601 525 4647 cum
539 4585 759 4665 Romampelit‚
770 4588 850 4666 apud
861 4588 1170 4652 Poramcorneliense
1189 4595 1373 4666 morantem,
1388 4589 1579 4668 Cassianum,

309 4682 367 4746 loci
383 4688 560 4764 patronum,
577 4684 742 4764 colentem,
759 4692 790 4748 et
804 4686 915 4749 tabulae
930 4687 1101 4750 inhiantem
1116 4705 1174 4768 qua
1190 4703 1286 4752 senex
1302 4704 1317 4750 a
1333 4689 1439 4769 pneris
1453 4696 1581 4752 vexatus

310 4788 341 4843 et
355 4781 512 4861 perfossus
527 4782 676 4862 pingitur.
696 4783 860 4847 «AEde'tecs
875 4788 1049 4849 caucellos»
1067 4785 1202 4850 Cassiani
1217 4793 1349 4850 mortem
1363 4793 1516 4852 memorat
1528 4790 1581 4867 qui

309 4879 499 4967 adiscipulis
522 4881 655 4960 vesanis,
679 4899 748 4956 cum
768 4882 864 4953 multo
885 4884 1029 4968 ludibrio,
1050 4885 1181 4952 stimulis
1205 4892 1237 4949 et
1257 4885 1366 4954 terreis
1389 4885 1581 4952 acuminibus
