3592 5668
188 601 409 679 3111113333
425 605 593 668 Prudentio
605 605 707 669 adhuc
719 606 836 684 juvene
850 623 915 669 3333
925 610 1113 684 susceptum,
1126 605 1219 668 officii
1231 603 1356 684 petendi
1368 603 1458 666 33333

188 700 302 778 dequo
318 707 388 764 3313
403 703 508 766 omnia
522 721 577 766 sua
593 711 733 783 poemata
749 705 824 768 dicit
840 705 940 785 (Praei.
960 705 997 766 15
1016 705 1089 782 so).
1108 704 1194 766 Adde
1207 705 1261 764 bas
1277 701 1433 780 angustias
1449 721 1457 763 :

188 796 220 859 Si
251 799 403 876 fingamus
429 801 588 864 Prudentii
614 803 849 881 peristephanon
875 819 982 865 omnes
1008 807 1076 881 post
1104 817 1222 863 333313
1248 800 1305 862 toa
1330 800 1459 878 scriptos

186 895 292 971 131333,
309 898 359 960 vel
375 899 505 977 hymnos
521 901 560 962 31
575 900 634 962 1131
648 902 848 980 pertinentes
866 901 925 963 iter
945 901 1046 979 ipsum
1062 905 1129 978 post
1146 898 1204 961 103
1220 915 1339 960 annum
1358 913 1461 976 33133

188 999 255 1054 tum
280 1011 351 1056 cum
377 996 519 1058 Praelatio
543 997 698 1061 universa,
713 1015 794 1061 anno
815 1001 873 1060 toa
892 998 931 1060 sit
950 997 1073 1076 scripta,
1096 999 1248 1074 fingamus
1270 1013 1394 1058 necesse
1415 999 1460 1057 est

188 1090 391 1154 Prudentium
423 1093 504 1156 intra
538 1095 616 1158 duos
655 1113 753 1159 annos
785 1096 844 1159 iter
876 1098 1008 1158 Romam
1041 1093 1219 1167 confecisse,
1255 1093 1286 1155 C.
1319 1093 1351 1154 S.
1387 1092 1460 1154 libri

188 1190 315 1252 secundi
337 1191 412 1252 1131
433 1193 628 1254 hexametros
647 1210 800 1266 31313333,
824 1195 1068 1272 Peristepbanon
1089 1192 1168 1254 douo
1187 1207 1295 1254 versus
1316 1191 1461 1270 superad-

189 1285 313 1362 didisse,
328 1305 457 1367 operum
472 1290 641 1353 editionem
657 1291 849 1366 instruxisse,
866 1291 1080 1371 prelationem
1096 1290 1276 1351 universam
1290 1287 1457 1367 scripsisse,

189 1398 260 1460 quae
284 1385 380 1449 nimia
407 1393 452 1450 est
481 1394 511 1449 et
534 1387 734 1452 formidolosa
760 1389 933 1468 diligentia.
957 1389 1002 1451 Ex
1032 1388 1179 1450 omnibus
1205 1387 1271 1449 istis
1299 1387 1460 1449 credamus

190 1481 429 1562 Peristepbanon
449 1485 624 1564 plerosque,
642 1503 749 1554 331333
769 1489 883 1562 forsan,
900 1493 968 1566 post
986 1485 1122 1565 primum
1144 1485 1175 1547 G.
1196 1484 1226 1547 S.
1245 1485 1371 1557 librum,
1389 1489 1460 1546 ante

189 1580 372 1657 secundum,
390 1581 422 1644 id
437 1588 483 1646 est
496 1589 565 1662 3331
579 1600 697 1646 annum
712 1584 781 1659 391,
796 1591 867 1647 3313
881 1601 999 1647 annum
1015 1584 1083 1657 101,
1097 1582 1302 1662 probabiliter
1315 1582 1461 1643 locandos

190 1693 267 1740 3333.

230 1775 304 1848 one
324 1775 520 1853 aliquatenus
540 1779 698 1843 codicibus
718 1783 952 1844 confirmantur.
974 1779 1207 1843 Vetustissimus
1227 1778 1311 1840 enim
1330 1777 1412 1840 idem
1431 1782 1462 1840 31

189 1873 318 1935 maximi
338 1876 496 1953 ponderis,
513 1877 631 1964 scilicet
653 1879 808 1942 Puteanus
827 1879 919 1957 (Bibl.
937 1879 1006 1941 Nat.
1028 1877 1313 1953 1311313331380811
1333 1876 1365 1937 13
1385 1891 1459 1952 333,

190 1971 275 2047 quod
296 1971 477 2050 lugendum,
494 1991 564 2054 3313
587 1975 697 2039 ultima
719 1977 924 2051 desideratur,
945 1975 1104 2038 Prudentii
1127 1977 1268 2054 poemata
1291 1991 1330 2035 ex
1351 1971 1461 2034 ordine

190 2067 250 2130 boc
264 2070 358 2132 refert
374 2091 382 2132 :
400 2070 503 2150 (13113,
518 2070 641 2150 Apono,
660 2075 904 2152 11331.,133313.,
922 2074 1030 2135 Perist.
1049 2072 1201 2151 quinque.
1218 2071 1370 2134 Videlicet
1389 2085 1462 2133 enm

191 2165 245 2242 qui
259 2167 340 2229 hanc
354 2165 523 2232 editionem
533 2171 663 2250 paravit,
673 2177 760 2235 sexto
772 2173 901 2234 ineunte
911 2171 1027 2244 seculo,
1038 2169 1178 2250 proxima
1188 2170 1290 2232 adbuc
1302 2168 1462 2230 Prudentii

190 2265 351 2342 memoria,
380 2267 501 2346 cognita
525 2268 737 2332 verisimiliter
759 2270 899 2350 principe
923 2268 1266 2344 3111133333133113,
1291 2267 1462 2329 litteratum

191 2367 328 2425 ceterum
349 2365 507 2428 bominem
522 2373 552 2428 et
570 2367 739 2440 eruditum,
758 2373 792 2429 ut
810 2367 936 2430 videtur
955 2367 998 2445 (et
1018 2367 1098 2429 inira
1118 2365 1318 2442 videbimus),
1336 2365 1462 2426 Periste-

186 2461 310 2539 313333
324 2463 454 2541 hymnos
470 2469 541 2526 ante
558 2464 590 2526 C.
606 2464 637 2527 S.
655 2481 781 2528 omnem
800 2466 950 2546 posuisse,
968 2481 1067 2542 quum
1082 2465 1174 2526 sciret
1191 2469 1310 2543 partem
1325 2462 1462 2542 Symma-

191 2558 1462 2641 3111333133333313131131331333333333331333,31113133113383133133111333

191 2655 236 2718 131
258 2656 404 2719 ultimum
425 2657 614 2722 incubuisse.
644 2660 753 2723 Itidem
779 2661 884 2723 Codex
910 2661 1079 2723 Vaticanus
1100 2659 1179 2722 3859
1205 2658 1330 2737 (decimi
1350 2657 1461 2736 333311)

192 2755 223 2816 G.
239 2754 272 2818 S.
287 2756 326 2818 31
340 2757 433 2818 finem
452 2757 580 2841 omnino
596 2759 729 2837 prolert3
746 2759 791 2821 sic
803 2759 974 2821 Vaticanus
988 2759 1064 2820 5821
1083 2757 1208 2838 (decimi
1224 2758 1314 2831 sec.i;
1331 2755 1376 2818 313
1394 2756 1462 2818 Col-

190 2852 330 2915 bertinus
345 2853 525 2916 Parisiensis
539 2854 632 2933 (bibl.
649 2855 718 2918 Nat.
735 2856 826 2931 8085,
844 2855 957 2918 decimi
977 2854 1098 2935 seculi];
1115 2855 1160 2918 sic
1174 2854 1352 2917 Parisiensis
1369 2853 1460 2930 (Bibl.

190 2951 259 3013 Nat.
275 2951 366 3025 8086,
383 2951 495 3015 decimi
509 2954 599 3032 sec.);
615 2953 660 3015 sic
679 2953 860 3016 Parisiensis
875 2953 968 3034 (Bibl.
986 2953 1055 3016 Nat.
1072 2953 1240 3015 Nouvelles
1261 2952 1462 3028 acquisitione

191 3047 385 3124 1311333211,
403 3049 561 3112 undecimi
574 3054 663 3125 see),
681 3051 749 3112 alii.
1014 3060 1016 3066 '

231 3147 273 3208 Vn
293 3146 358 3210 istis
373 3147 520 3210 omnibus
533 3149 691 3226 colligitur
705 3149 768 3210 133
786 3154 922 3230 tempora
939 3153 1022 3211 33113
1038 3165 1115 3223 3333,
1136 3148 1229 3227 primi
1244 3149 1363 3211 33111331
1382 3148 1413 3211 C.
1430 3148 1461 3214 S.

192 3244 287 3324 (391),
297 3247 425 3308 3333311
435 3245 707 3325 (111133113131113
716 3246 1115 3324 31131,33111331Ρ3131331.
1128 3247 1284 3326 (3331391,
1295 3254 1366 3310 3313
1377 3246 1461 3327 lot),
1524 3255 1525 3258 ’

191 3342 252 3405 3113
264 3343 349 3405 omni
364 3344 550 3408 documento
566 3343 714 3419 carentia,
733 3349 846 3424 praeter
860 3345 1075 3407 Praelationem
1091 3344 1281 3408 uniuersam.

231 3440 288 3503 Hic
306 3441 382 3503 ordo
397 3441 501 3520 igitur,
518 3442 668 3521 spectanti
690 3441 907 3504 Pimlationem
928 3441 1109 3505 universam
1128 3448 1159 3504 et
1180 3458 1251 3519 quae
1270 3459 1363 3522 supra
1386 3442 1461 3518 dini,

191 3539 268 3602 mihi
290 3541 399 3619 placet,
423 3542 507 3618 quod
530 3541 569 3604 31
594 3547 733 3621 tempora
764 3541 897 3604 attinet:
920 3540 1019 3612 Collo,
1043 3540 1166 3620 Apott,
1189 3541 1330 3606 11331311,
1348 3542 1463 3620 (131333

190 3639 701 3720 11331311,Α33113.),Ρ3331.1].8.
715 3640 844 3720 primus,
859 3641 983 3720 Perist,
997 3640 1029 3702 C.
1043 3640 1072 3702 S.
1087 3641 1252 3712 secundus,
1266 3639 1463 3712 Dittooltoon,

191 3737 296 3800 313113
311 3737 442 3802 incerta.

642 3947 658 4026 3
672 3945 719 4008 lll.
736 3981 776 3990 —-
789 3947 831 4008 De
846 3943 1011 4008 Codictbea.

213 4132 217 4140 '
231 4131 332 4194 Prima
346 4132 506 4196 Prudentii
521 4149 651 4212 operum
663 4133 758 4197 editio
774 4135 812 4196 ab
828 4133 894 4212 ipso
910 4138 1015 4212 331313
1027 4131 1095 4194 1311.
1109 4131 1195 4206 Quae,
1209 4131 1275 4193 sine
1288 4131 1352 4194 ulla
1364 4132 1467 4211 dispo·-

192 4229 287 4304 11333,
310 4246 392 4294 3333
407 4229 477 4305 tou,
496 4237 530 4293 31
548 4237 742 4313 compertum
756 4231 934 4309 babuimus,
956 4230 1105 4292 instructa
1126 4230 1194 4304 luit,
1219 4228 1462 4308 3311.,33311.,

190 4326 294 4399 11333,,
320 4328 438 4404 eaput,
462 4329 494 4390 C.
512 4328 541 4390 S.
560 4329 638 4392 duos
657 4328 764 4402 libros,
787 4328 911 4402 Pectat„
935 4328 980 4390 nil
1001 4328 1071 4407 plus
1094 4328 1175 4390 ultra
1198 4326 1370 4389 continens.
1387 4327 1463 4390 Eam

191 4426 298 4486 autem'
311 4426 480 4489 editionem
495 4442 535 4488 an
549 4426 647 4488 solam
661 4426 848 4488 Prudentius
864 4425 998 4488 ediderit
1012 4440 1093 4487 nova
1109 4423 1239 4502 quaestio
1255 4430 1310 4485 331.

232 4521 311 4584 Sunt
325 4523 409 4584 enim
419 4523 473 4602 qui
487 4523 607 4603 putent,
621 4540 685 4585 non
700 4523 769 4586 sine
784 4541 886 4598 33333,
899 4541 963 4585 non
977 4524 1073 4585 semel
1086 4521 1288 4584 Prudentium
1300 4517 1395 4601 opera
1407 4539 1462 4584 333

191 4618 325 4683 31111333
344 4620 393 4700 (¹),
416 4637 487 4683 cum
507 4620 636 4685 videant
657 4627 759 4686 131133
784 4621 990 4701 discrepantia
1015 4638 1079 4683 non
1103 4619 1226 4682 minimi
1251 4619 1407 4700 ponderis,
1429 4625 1466 4687 ut

224 4825 253 4889 (¹)
270 4825 508 4889 VideObborium,
521 4827 649 4878 editionis
662 4826 765 4891 proleg.
779 4841 901 4891 31133.
942 4795 945 4802 Ι
979 4848 985 4882 z
1072 4803 1076 4811 ¹
