<?xml version="1.0" encoding="UTF-8"?>
<!DOCTYPE html PUBLIC "-//W3C//DTD XHTML 1.0 Transitional//EN"
    "http://www.w3.org/TR/xhtml1/DTD/xhtml1-transitional.dtd">
<html xmlns="http://www.w3.org/1999/xhtml" xml:lang="en" lang="en">
 <head>
  <title>
</title>
<meta http-equiv="Content-Type" content="text/html;charset=utf-8" />
  <meta name='ocr-system' content='tesseract 3.04.00' />
  <meta name='ocr-capabilities' content='ocr_page ocr_carea ocr_par ocr_line ocrx_word'/>
</head>
<body>
  <div class='ocr_page' id='page_1' title='image "./deaureliipruden00fagugoog_0097.png"; bbox 0 0 3640 5670; ppageno 0'>
   <div class='ocr_carea' id='block_1_1' title="bbox 326 579 1593 1088">
    <p class='ocr_par' dir='ltr' id='par_1_1' title="bbox 326 579 1593 765">
     <span class='ocr_line' id='line_1_1' title="bbox 326 579 1593 665; baseline -0.006 -18"><span class='ocrx_word' id='word_1_1' title='bbox 326 585 489 650; x_wconf 72' lang='lat' dir='ltr'><strong>transitum</strong></span> <span class='ocrx_word' id='word_1_2' title='bbox 516 586 636 650; x_wconf 80' lang='lat' dir='ltr'><strong>facilem</strong></span> <span class='ocrx_word' id='word_1_3' title='bbox 658 591 689 648; x_wconf 87' lang='lat' dir='ltr'><strong>et</strong></span> <span class='ocrx_word' id='word_1_4' title='bbox 716 585 780 648; x_wconf 88' lang='lat' dir='ltr'>lere</span> <span class='ocrx_word' id='word_1_5' title='bbox 805 585 1042 665; x_wconf 83' lang='lat' dir='ltr'><strong>imperceptnm,</strong></span> <span class='ocrx_word' id='word_1_6' title='bbox 1067 583 1157 647; x_wconf 86' lang='lat' dir='ltr'><strong>utin</strong></span> <span class='ocrx_word' id='word_1_7' title='bbox 1183 581 1271 646; x_wconf 85' lang='lat' dir='ltr'><strong>Geth.</strong></span> <span class='ocrx_word' id='word_1_8' title='bbox 1302 581 1341 644; x_wconf 92' lang='lat' dir='ltr'><strong>lll</strong></span> <span class='ocrx_word' id='word_1_9' title='bbox 1368 580 1419 662; x_wconf 89' lang='lat' dir='ltr'>(de</span> <span class='ocrx_word' id='word_1_10' title='bbox 1447 579 1593 659; x_wconf 74' lang='grc'><strong>1111111-</strong></span> 
     </span>
     <span class='ocr_line' id='line_1_2' title="bbox 330 681 441 765; baseline 0 -19"><span class='ocrx_word' id='word_1_11' title='bbox 330 681 441 765; x_wconf 52' lang='lat' dir='ltr'><strong>liberm:</strong></span> 
     </span>
    </p>

    <p class='ocr_par' dir='ltr' id='par_1_2' title="bbox 580 770 1174 820">
     <span class='ocr_line' id='line_1_3' title="bbox 580 770 936 820; baseline 0 0"><span class='ocrx_word' id='word_1_12' title='bbox 580 805 815 819; x_wconf 88' lang='grc'><strong><em>..............</em></strong></span> <span class='ocrx_word' id='word_1_13' title='bbox 833 770 936 820; x_wconf 88' lang='lat' dir='ltr'><strong>nostu</strong></span> 
     </span>
    </p>

    <p class='ocr_par' dir='ltr' id='par_1_3' title="bbox 573 857 1141 922">
     <span class='ocr_line' id='line_1_4' title="bbox 573 857 1141 922; baseline 0.005 -13"><span class='ocrx_word' id='word_1_14' title='bbox 573 857 736 910; x_wconf 78' lang='lat' dir='ltr'><strong>confirmas</strong></span> <span class='ocrx_word' id='word_1_15' title='bbox 749 861 831 922; x_wconf 83' lang='lat' dir='ltr'><strong>pater</strong></span> <span class='ocrx_word' id='word_1_16' title='bbox 844 870 877 909; x_wconf 84' lang='lat' dir='ltr'>ae</span> <span class='ocrx_word' id='word_1_17' title='bbox 890 858 990 922; x_wconf 80' lang='lat' dir='ltr'><strong>vigore</strong></span> <span class='ocrx_word' id='word_1_18' title='bbox 1003 857 1141 922; x_wconf 82' lang='lat' dir='ltr'>comples.</span> 
     </span>
    </p>

    <p class='ocr_par' dir='ltr' id='par_1_4' title="bbox 576 940 1110 1010">
     <span class='ocr_line' id='line_1_5' title="bbox 576 940 1110 1010; baseline -0.002 -12"><span class='ocrx_word' id='word_1_19' title='bbox 576 940 629 998; x_wconf 82' lang='lat' dir='ltr'><strong>Sic</strong></span> <span class='ocrx_word' id='word_1_20' title='bbox 641 945 711 997; x_wconf 90' lang='lat' dir='ltr'><strong>olim</strong></span> <span class='ocrx_word' id='word_1_21' title='bbox 725 948 777 997; x_wconf 86' lang='lat' dir='ltr'><strong>tua</strong></span> <span class='ocrx_word' id='word_1_22' title='bbox 790 946 953 1010; x_wconf 74' lang='lat' dir='ltr'>praecluens</span> <span class='ocrx_word' id='word_1_23' title='bbox 965 949 1110 1010; x_wconf 85' lang='lat' dir='ltr'><strong>protestes</strong></span> 
     </span>
    </p>

    <p class='ocr_par' dir='ltr' id='par_1_5' title="bbox 574 1035 1055 1088">
     <span class='ocr_line' id='line_1_6' title="bbox 574 1035 1055 1088; baseline 0.002 -2"><span class='ocrx_word' id='word_1_24' title='bbox 574 1037 656 1087; x_wconf 89' lang='lat' dir='ltr'><strong>Inter</strong></span> <span class='ocrx_word' id='word_1_25' title='bbox 668 1035 836 1088; x_wconf 80' lang='lat' dir='ltr'>raucisonos</span> <span class='ocrx_word' id='word_1_26' title='bbox 849 1035 943 1088; x_wconf 81' lang='lat' dir='ltr'><strong>situm</strong></span> <span class='ocrx_word' id='word_1_27' title='bbox 956 1035 1055 1088; x_wconf 90' lang='lat' dir='ltr'>leones</span> 
     </span>
    </p>
   </div>
   <div class='ocr_carea' id='block_1_2' title="bbox 574 1119 1330 1194">
    <p class='ocr_par' dir='ltr' id='par_1_6' title="bbox 574 1119 1330 1194">
     <span class='ocr_line' id='line_1_7' title="bbox 574 1119 1330 1194; baseline -0.001 -19"><span class='ocrx_word' id='word_1_28' title='bbox 574 1119 704 1194; x_wconf 82' lang='lat' dir='ltr'><strong>Inlepsis</strong></span> <span class='ocrx_word' id='word_1_29' title='bbox 716 1119 841 1194; x_wconf 80' lang='lat' dir='ltr'><strong><em>dapibus</em></strong></span> <span class='ocrx_word' id='word_1_30' title='bbox 854 1123 951 1177; x_wconf 86' lang='lat' dir='ltr'><strong>virum</strong></span> <span class='ocrx_word' id='word_1_31' title='bbox 964 1124 1084 1178; x_wconf 78' lang='lat' dir='ltr'>refovit:</span> <span class='ocrx_word' id='word_1_32' title='bbox 1103 1120 1204 1194; x_wconf 83' lang='lat' dir='ltr'><strong>(Catlr.</strong></span> <span class='ocrx_word' id='word_1_33' title='bbox 1220 1124 1268 1192; x_wconf 86' lang='lat' dir='ltr'><strong>lv,</strong></span> <span class='ocrx_word' id='word_1_34' title='bbox 1284 1121 1330 1192; x_wconf 79' lang='grc'><strong>37)</strong></span> 
     </span>
    </p>
   </div>
   <div class='ocr_carea' id='block_1_3' title="bbox 324 1253 943 1436">
    <p class='ocr_par' dir='ltr' id='par_1_7' title="bbox 324 1253 943 1436">
     <span class='ocr_line' id='line_1_8' title="bbox 332 1253 921 1335; baseline -0.005 -15"><span class='ocrx_word' id='word_1_35' title='bbox 332 1303 392 1320; x_wconf 91' lang='grc'><strong>.....</strong></span> <span class='ocrx_word' id='word_1_36' title='bbox 408 1255 548 1335; x_wconf 85' lang='lat' dir='ltr'><strong>sequitur</strong></span> <span class='ocrx_word' id='word_1_37' title='bbox 563 1255 601 1318; x_wconf 88' lang='lat' dir='ltr'>de</span> <span class='ocrx_word' id='word_1_38' title='bbox 616 1253 742 1318; x_wconf 82' lang='lat' dir='ltr'>Daniele</span> <span class='ocrx_word' id='word_1_39' title='bbox 757 1272 921 1332; x_wconf 60' lang='lat' dir='ltr'><strong>excursum</strong></span> 
     </span>
     <span class='ocr_line' id='line_1_9' title="bbox 324 1352 943 1436; baseline 0.002 -19"><span class='ocrx_word' id='word_1_40' title='bbox 324 1413 327 1424; x_wconf 73' lang='grc'><strong><em>,</em></strong></span> <span class='ocrx_word' id='word_1_41' title='bbox 369 1355 404 1417; x_wconf 94' lang='lat' dir='ltr'><strong>ln</strong></span> <span class='ocrx_word' id='word_1_42' title='bbox 420 1353 507 1416; x_wconf 82' lang='lat' dir='ltr'><strong>Ceth.</strong></span> <span class='ocrx_word' id='word_1_43' title='bbox 525 1352 551 1416; x_wconf 88' lang='lat' dir='ltr'>V</span> <span class='ocrx_word' id='word_1_44' title='bbox 566 1353 617 1433; x_wconf 88' lang='lat' dir='ltr'>(de</span> <span class='ocrx_word' id='word_1_45' title='bbox 631 1353 762 1417; x_wconf 80' lang='lat' dir='ltr'><strong>incensu</strong></span> <span class='ocrx_word' id='word_1_46' title='bbox 778 1354 943 1436; x_wconf 70' lang='lat' dir='ltr'>lucernael:</span> 
     </span>
    </p>
   </div>
   <div class='ocr_carea' id='block_1_4' title="bbox 576 1499 1456 1749">
    <p class='ocr_par' dir='ltr' id='par_1_8' title="bbox 576 1499 1456 1749">
     <span class='ocr_line' id='line_1_10' title="bbox 576 1499 1059 1565; baseline 0.004 -14"><span class='ocrx_word' id='word_1_47' title='bbox 576 1499 630 1551; x_wconf 83' lang='lat' dir='ltr'>Sed</span> <span class='ocrx_word' id='word_1_48' title='bbox 644 1499 710 1564; x_wconf 88' lang='lat' dir='ltr'><strong>quis</strong></span> <span class='ocrx_word' id='word_1_49' title='bbox 721 1513 782 1552; x_wconf 90' lang='lat' dir='ltr'><strong>non</strong></span> <span class='ocrx_word' id='word_1_50' title='bbox 795 1501 888 1565; x_wconf 81' lang='lat' dir='ltr'><strong>rapidi</strong></span> <span class='ocrx_word' id='word_1_51' title='bbox 902 1501 1059 1555; x_wconf 69' lang='lat' dir='ltr'><strong>luminis..</strong></span> 
     </span>
     <span class='ocr_line' id='line_1_11' title="bbox 578 1587 1139 1657; baseline 0.002 -16"><span class='ocrx_word' id='word_1_52' title='bbox 578 1591 779 1644; x_wconf 78' lang='lat' dir='ltr'><strong>manantem...</strong></span> <span class='ocrx_word' id='word_1_53' title='bbox 793 1593 851 1642; x_wconf 91' lang='lat' dir='ltr'>Deo</span> <span class='ocrx_word' id='word_1_54' title='bbox 863 1594 964 1643; x_wconf 82' lang='lat' dir='ltr'><strong>cernet</strong></span> <span class='ocrx_word' id='word_1_55' title='bbox 977 1587 1139 1657; x_wconf 79' lang='lat' dir='ltr'><strong>originem?</strong></span> 
     </span>
     <span class='ocr_line' id='line_1_12' title="bbox 576 1675 1456 1749; baseline -0.002 -15"><span class='ocrx_word' id='word_1_56' title='bbox 576 1682 690 1746; x_wconf 84' lang='lat' dir='ltr'>Moyses</span> <span class='ocrx_word' id='word_1_57' title='bbox 702 1693 807 1745; x_wconf 82' lang='lat' dir='ltr'>nempe</span> <span class='ocrx_word' id='word_1_58' title='bbox 819 1681 913 1734; x_wconf 91' lang='lat' dir='ltr'><strong>Deum</strong></span> <span class='ocrx_word' id='word_1_59' title='bbox 925 1682 1066 1746; x_wconf 77' lang='lat' dir='ltr'><strong>spinifera</strong></span> <span class='ocrx_word' id='word_1_60' title='bbox 1079 1683 1110 1734; x_wconf 89' lang='lat' dir='ltr'><strong>in</strong></span> <span class='ocrx_word' id='word_1_61' title='bbox 1124 1682 1229 1737; x_wconf 86' lang='lat' dir='ltr'><strong>rubo...</strong></span> <span class='ocrx_word' id='word_1_62' title='bbox 1246 1676 1346 1749; x_wconf 73' lang='lat' dir='ltr'>(Galle.</span> <span class='ocrx_word' id='word_1_63' title='bbox 1361 1681 1396 1746; x_wconf 88' lang='lat' dir='ltr'><strong>V,</strong></span> <span class='ocrx_word' id='word_1_64' title='bbox 1411 1675 1456 1745; x_wconf 88' lang='grc'><strong>39)</strong></span> 
     </span>
    </p>
   </div>
   <div class='ocr_carea' id='block_1_5' title="bbox 333 1812 1346 1994">
    <p class='ocr_par' dir='ltr' id='par_1_9' title="bbox 333 1812 1346 1994">
     <span class='ocr_line' id='line_1_13' title="bbox 333 1812 1346 1896; baseline -0.002 -18"><span class='ocrx_word' id='word_1_65' title='bbox 333 1862 394 1880; x_wconf 92' lang='grc'><strong>.....</strong></span> <span class='ocrx_word' id='word_1_66' title='bbox 409 1813 550 1896; x_wconf 83' lang='lat' dir='ltr'><strong>sequitur</strong></span> <span class='ocrx_word' id='word_1_67' title='bbox 563 1813 601 1878; x_wconf 88' lang='lat' dir='ltr'>de</span> <span class='ocrx_word' id='word_1_68' title='bbox 616 1813 719 1894; x_wconf 79' lang='lat' dir='ltr'>Moyse</span> <span class='ocrx_word' id='word_1_69' title='bbox 734 1820 764 1877; x_wconf 88' lang='lat' dir='ltr'><strong>et</strong></span> <span class='ocrx_word' id='word_1_70' title='bbox 779 1813 856 1877; x_wconf 88' lang='lat' dir='ltr'><strong>rubo</strong></span> <span class='ocrx_word' id='word_1_71' title='bbox 871 1812 992 1878; x_wconf 85' lang='lat' dir='ltr'><strong>ardenti</strong></span> <span class='ocrx_word' id='word_1_72' title='bbox 1008 1819 1040 1878; x_wconf 89' lang='lat' dir='ltr'><strong>et</strong></span> <span class='ocrx_word' id='word_1_73' title='bbox 1054 1813 1166 1877; x_wconf 86' lang='lat' dir='ltr'>celeris</span> <span class='ocrx_word' id='word_1_74' title='bbox 1182 1829 1346 1889; x_wconf 61' lang='lat' dir='ltr'><strong>excursum</strong></span> 
     </span>
     <span class='ocr_line' id='line_1_14' title="bbox 371 1911 853 1994; baseline -0.006 -16"><span class='ocrx_word' id='word_1_75' title='bbox 371 1915 405 1978; x_wconf 92' lang='lat' dir='ltr'><strong>ln</strong></span> <span class='ocrx_word' id='word_1_76' title='bbox 420 1913 509 1978; x_wconf 82' lang='lat' dir='ltr'><strong>Geth.</strong></span> <span class='ocrx_word' id='word_1_77' title='bbox 525 1912 565 1977; x_wconf 91' lang='lat' dir='ltr'><strong>lll</strong></span> <span class='ocrx_word' id='word_1_78' title='bbox 580 1911 665 1992; x_wconf 84' lang='lat' dir='ltr'>(ente</span> <span class='ocrx_word' id='word_1_79' title='bbox 680 1913 853 1994; x_wconf 84' lang='lat' dir='ltr'><strong>somnum):</strong></span> 
     </span>
    </p>
   </div>
   <div class='ocr_carea' id='block_1_6' title="bbox 684 2081 1050 2226">
    <p class='ocr_par' dir='ltr' id='par_1_10' title="bbox 684 2081 1050 2226">
     <span class='ocr_line' id='line_1_15' title="bbox 690 2081 1050 2134; baseline 0.003 -14"><span class='ocrx_word' id='word_1_80' title='bbox 690 2106 714 2120; x_wconf 89' lang='lat'><strong>..</strong></span> <span class='ocrx_word' id='word_1_81' title='bbox 726 2106 750 2120; x_wconf 91' lang='lat'><strong>..</strong></span> <span class='ocrx_word' id='word_1_82' title='bbox 768 2081 820 2134; x_wconf 80' lang='lat' dir='ltr'><strong>qur</strong></span> <span class='ocrx_word' id='word_1_83' title='bbox 833 2106 1050 2121; x_wconf 90' lang='grc'><strong>.............</strong></span> 
     </span>
     <span class='ocr_line' id='line_1_16' title="bbox 684 2158 990 2226; baseline 0.01 -18"><span class='ocrx_word' id='word_1_84' title='bbox 684 2158 773 2211; x_wconf 83' lang='lat' dir='ltr'><strong>Vitiis</strong></span> <span class='ocrx_word' id='word_1_85' title='bbox 785 2170 834 2212; x_wconf 85' lang='lat' dir='ltr'><strong>eor</strong></span> <span class='ocrx_word' id='word_1_86' title='bbox 845 2158 990 2226; x_wconf 82' lang='lat' dir='ltr'><strong>impiavit,</strong></span> 
     </span>
    </p>
   </div>
   <div class='ocr_carea' id='block_1_7' title="bbox 598 2337 1272 2676">
    <p class='ocr_par' dir='ltr' id='par_1_11' title="bbox 598 2337 1272 2676">
     <span class='ocr_line' id='line_1_17' title="bbox 685 2337 1046 2406; baseline 0 -18"><span class='ocrx_word' id='word_1_87' title='bbox 685 2338 746 2389; x_wconf 84' lang='lat' dir='ltr'><strong>Hoc</strong></span> <span class='ocrx_word' id='word_1_88' title='bbox 758 2337 924 2401; x_wconf 80' lang='lat' dir='ltr'><strong>patriarcha</strong></span> <span class='ocrx_word' id='word_1_89' title='bbox 936 2340 1046 2406; x_wconf 86' lang='lat' dir='ltr'><strong>noster,</strong></span> 
     </span>
     <span class='ocr_line' id='line_1_18' title="bbox 684 2426 1007 2497; baseline -0.003 -18"><span class='ocrx_word' id='word_1_90' title='bbox 684 2426 744 2479; x_wconf 85' lang='lat' dir='ltr'><strong>Sub</strong></span> <span class='ocrx_word' id='word_1_91' title='bbox 758 2427 881 2480; x_wconf 82' lang='lat' dir='ltr'><strong>carceris</strong></span> <span class='ocrx_word' id='word_1_92' title='bbox 894 2430 1007 2497; x_wconf 78' lang='lat' dir='ltr'>eatena,</span> 
     </span>
     <span class='ocr_line' id='line_1_19' title="bbox 598 2517 1082 2583; baseline 0.002 -14"><span class='ocrx_word' id='word_1_93' title='bbox 598 2575 601 2583; x_wconf 60' lang='grc'>,</span> <span class='ocrx_word' id='word_1_94' title='bbox 681 2517 815 2570; x_wconf 86' lang='lat' dir='ltr'><strong>Geminis</strong></span> <span class='ocrx_word' id='word_1_95' title='bbox 830 2518 922 2570; x_wconf 84' lang='lat' dir='ltr'><strong>simul</strong></span> <span class='ocrx_word' id='word_1_96' title='bbox 934 2517 1082 2571; x_wconf 80' lang='lat' dir='ltr'><strong>ministris</strong></span> 
     </span>
     <span class='ocr_line' id='line_1_20' title="bbox 683 2603 1272 2676; baseline 0.002 -17"><span class='ocrx_word' id='word_1_97' title='bbox 683 2610 831 2672; x_wconf 83' lang='lat' dir='ltr'><strong>interpres</strong></span> <span class='ocrx_word' id='word_1_98' title='bbox 844 2607 1023 2673; x_wconf 80' lang='lat' dir='ltr'><strong>adprobavit.</strong></span> <span class='ocrx_word' id='word_1_99' title='bbox 1040 2603 1139 2676; x_wconf 79' lang='lat' dir='ltr'><strong>(Cart.</strong></span> <span class='ocrx_word' id='word_1_100' title='bbox 1161 2609 1208 2676; x_wconf 80' lang='lat' dir='ltr'><strong>Vl,</strong></span> <span class='ocrx_word' id='word_1_101' title='bbox 1226 2603 1272 2676; x_wconf 84' lang='lat'><strong>53)</strong></span> 
     </span>
    </p>
   </div>
   <div class='ocr_carea' id='block_1_8' title="bbox 334 2746 931 2828">
    <p class='ocr_par' dir='ltr' id='par_1_12' title="bbox 334 2746 931 2828">
     <span class='ocr_line' id='line_1_21' title="bbox 334 2746 931 2828; baseline -0.005 -15"><span class='ocrx_word' id='word_1_102' title='bbox 334 2792 393 2813; x_wconf 91' lang='grc'><strong>.....</strong></span> <span class='ocrx_word' id='word_1_103' title='bbox 408 2747 550 2828; x_wconf 86' lang='lat' dir='ltr'><strong>sequitur</strong></span> <span class='ocrx_word' id='word_1_104' title='bbox 564 2746 603 2810; x_wconf 90' lang='lat' dir='ltr'>de</span> <span class='ocrx_word' id='word_1_105' title='bbox 617 2748 751 2827; x_wconf 84' lang='lat' dir='ltr'>losepho</span> <span class='ocrx_word' id='word_1_106' title='bbox 766 2765 931 2825; x_wconf 82' lang='lat' dir='ltr'><strong>excursus3</strong></span> 
     </span>
    </p>
   </div>
   <div class='ocr_carea' id='block_1_9' title="bbox 371 2843 865 2927">
    <p class='ocr_par' dir='ltr' id='par_1_13' title="bbox 371 2843 865 2927">
     <span class='ocr_line' id='line_1_22' title="bbox 371 2843 865 2927; baseline -0.002 -17"><span class='ocrx_word' id='word_1_107' title='bbox 371 2848 405 2910; x_wconf 95' lang='lat' dir='ltr'><strong>ln</strong></span> <span class='ocrx_word' id='word_1_108' title='bbox 419 2846 506 2910; x_wconf 84' lang='lat' dir='ltr'><strong>Ceth.</strong></span> <span class='ocrx_word' id='word_1_109' title='bbox 522 2846 576 2909; x_wconf 86' lang='lat' dir='ltr'>llll</span> <span class='ocrx_word' id='word_1_110' title='bbox 593 2843 645 2927; x_wconf 85' lang='lat' dir='ltr'>(de</span> <span class='ocrx_word' id='word_1_111' title='bbox 659 2847 865 2926; x_wconf 83' lang='lat' dir='ltr'><strong>Epiphanin):</strong></span> 
     </span>
    </p>
   </div>
   <div class='ocr_carea' id='block_1_10' title="bbox 681 2993 1179 3420">
    <p class='ocr_par' dir='ltr' id='par_1_14' title="bbox 682 2993 1179 3152">
     <span class='ocr_line' id='line_1_23' title="bbox 682 2993 1179 3060; baseline 0.004 -15"><span class='ocrx_word' id='word_1_112' title='bbox 682 2993 867 3060; x_wconf 83' lang='lat' dir='ltr'><strong>Quicumque</strong></span> <span class='ocrx_word' id='word_1_113' title='bbox 879 2993 1033 3047; x_wconf 86' lang='lat' dir='ltr'><strong>Christum</strong></span> <span class='ocrx_word' id='word_1_114' title='bbox 1047 2994 1179 3060; x_wconf 80' lang='lat' dir='ltr'><strong>quaeritis</strong></span> 
     </span>
     <span class='ocr_line' id='line_1_24' title="bbox 682 3084 1057 3152; baseline 0 -16"><span class='ocrx_word' id='word_1_115' title='bbox 682 3084 788 3136; x_wconf 84' lang='lat' dir='ltr'>Oculos</span> <span class='ocrx_word' id='word_1_116' title='bbox 801 3084 832 3136; x_wconf 89' lang='lat' dir='ltr'><strong>in</strong></span> <span class='ocrx_word' id='word_1_117' title='bbox 844 3085 940 3137; x_wconf 82' lang='lat' dir='ltr'><strong>altum</strong></span> <span class='ocrx_word' id='word_1_118' title='bbox 952 3084 1057 3152; x_wconf 86' lang='lat' dir='ltr'><strong>tollite,</strong></span> 
     </span>
    </p>

    <p class='ocr_par' dir='ltr' id='par_1_15' title="bbox 681 3172 968 3226">
     <span class='ocr_line' id='line_1_25' title="bbox 681 3172 968 3226; baseline -0.003 0"><span class='ocrx_word' id='word_1_119' title='bbox 681 3173 747 3226; x_wconf 88' lang='lat' dir='ltr'>Illie</span> <span class='ocrx_word' id='word_1_120' title='bbox 759 3173 860 3226; x_wconf 85' lang='lat' dir='ltr'><strong>licebit</strong></span> <span class='ocrx_word' id='word_1_121' title='bbox 873 3172 968 3226; x_wconf 84' lang='lat' dir='ltr'><strong>risere</strong></span> 
     </span>
    </p>

    <p class='ocr_par' dir='ltr' id='par_1_16' title="bbox 681 3262 1082 3330">
     <span class='ocr_line' id='line_1_26' title="bbox 681 3262 1082 3330; baseline 0.007 -15"><span class='ocrx_word' id='word_1_122' title='bbox 681 3262 809 3328; x_wconf 76' lang='lat' dir='ltr'><strong>Signum</strong></span> <span class='ocrx_word' id='word_1_123' title='bbox 821 3264 959 3328; x_wconf 86' lang='lat' dir='ltr'><strong>perennis</strong></span> <span class='ocrx_word' id='word_1_124' title='bbox 970 3265 1082 3330; x_wconf 80' lang='lat' dir='ltr'><strong>gloriae.</strong></span> 
     </span>
    </p>

    <p class='ocr_par' dir='ltr' id='par_1_17' title="bbox 682 3352 1125 3420">
     <span class='ocr_line' id='line_1_27' title="bbox 682 3352 1125 3420; baseline 0.009 -17"><span class='ocrx_word' id='word_1_125' title='bbox 682 3353 743 3405; x_wconf 85' lang='lat' dir='ltr'>Hoe</span> <span class='ocrx_word' id='word_1_126' title='bbox 756 3352 839 3406; x_wconf 85' lang='lat' dir='ltr'><strong>sidus</strong></span> <span class='ocrx_word' id='word_1_127' title='bbox 852 3356 999 3407; x_wconf 87' lang='lat' dir='ltr'><strong>aeternum</strong></span> <span class='ocrx_word' id='word_1_128' title='bbox 1011 3356 1125 3420; x_wconf 78' lang='lat' dir='ltr'><strong>manet5</strong></span> 
     </span>
    </p>
   </div>
   <div class='ocr_carea' id='block_1_11' title="bbox 685 3797 1412 3871">
    <p class='ocr_par' dir='ltr' id='par_1_18' title="bbox 685 3797 1412 3871">
     <span class='ocr_line' id='line_1_28' title="bbox 685 3797 1412 3871; baseline -0.004 -16"><span class='ocrx_word' id='word_1_129' title='bbox 685 3801 792 3867; x_wconf 81' lang='lat' dir='ltr'>Regale</span> <span class='ocrx_word' id='word_1_130' title='bbox 805 3801 949 3856; x_wconf 85' lang='lat' dir='ltr'>vexillum</span> <span class='ocrx_word' id='word_1_131' title='bbox 961 3801 1052 3868; x_wconf 78' lang='lat' dir='ltr'><strong>megi.</strong></span> <span class='ocrx_word' id='word_1_132' title='bbox 1067 3797 1169 3870; x_wconf 77' lang='lat' dir='ltr'>(Galle.</span> <span class='ocrx_word' id='word_1_133' title='bbox 1185 3803 1249 3871; x_wconf 80' lang='lat' dir='ltr'><strong>xil,</strong></span> <span class='ocrx_word' id='word_1_134' title='bbox 1265 3802 1292 3871; x_wconf 86' lang='lat'><strong>1,</strong></span> <span class='ocrx_word' id='word_1_135' title='bbox 1306 3798 1350 3868; x_wconf 81' lang='lat'><strong>17,</strong></span> <span class='ocrx_word' id='word_1_136' title='bbox 1365 3797 1412 3870; x_wconf 78' lang='lat'><strong>25)</strong></span> 
     </span>
    </p>
   </div>
   <div class='ocr_carea' id='block_1_12' title="bbox 334 3942 987 4121">
    <p class='ocr_par' dir='ltr' id='par_1_19' title="bbox 334 3942 987 4121">
     <span class='ocr_line' id='line_1_29' title="bbox 334 3942 987 4023; baseline 0.005 -17"><span class='ocrx_word' id='word_1_137' title='bbox 334 3988 394 4006; x_wconf 88' lang='grc'><strong><em>.....</em></strong></span> <span class='ocrx_word' id='word_1_138' title='bbox 411 3942 550 4023; x_wconf 88' lang='lat' dir='ltr'><strong>sequitur</strong></span> <span class='ocrx_word' id='word_1_139' title='bbox 565 3942 722 4022; x_wconf 79' lang='lat' dir='ltr'><strong>Magorum</strong></span> <span class='ocrx_word' id='word_1_140' title='bbox 737 3943 896 4009; x_wconf 86' lang='lat' dir='ltr'>Bethleem</span> <span class='ocrx_word' id='word_1_141' title='bbox 910 3945 987 4021; x_wconf 83' lang='lat' dir='ltr'><strong>iter3</strong></span> 
     </span>
     <span class='ocr_line' id='line_1_30' title="bbox 372 4041 810 4121; baseline 0.007 -17"><span class='ocrx_word' id='word_1_142' title='bbox 372 4043 405 4105; x_wconf 92' lang='lat' dir='ltr'><strong>ln</strong></span> <span class='ocrx_word' id='word_1_143' title='bbox 421 4042 530 4105; x_wconf 88' lang='lat' dir='ltr'><strong>Perist.</strong></span> <span class='ocrx_word' id='word_1_144' title='bbox 545 4041 570 4104; x_wconf 97' lang='lat' dir='ltr'><strong>ll</strong></span> <span class='ocrx_word' id='word_1_145' title='bbox 583 4043 810 4121; x_wconf 75' lang='lat' dir='ltr'><strong>(Laurentiuslz</strong></span> 
     </span>
    </p>
   </div>
   <div class='ocr_carea' id='block_1_13' title="bbox 686 4201 1058 4354">
    <p class='ocr_par' dir='ltr' id='par_1_20' title="bbox 686 4201 1078 4354">
     <span class='ocr_line' id='line_1_31' title="bbox 690 4201 877 4253; baseline 0.003 -4"><span class='ocrx_word' id='word_1_146' title='bbox 690 4236 767 4250; x_wconf 94' lang='grc'><em>.....</em></span> <span class='ocrx_word' id='word_1_147' title='bbox 785 4201 877 4253; x_wconf 81' lang='lat' dir='ltr'><strong>Rome</strong></span> 
     </span>
     <span class='ocr_line' id='line_1_32' title="bbox 686 4287 1058 4354; baseline 0.005 -16"><span class='ocrx_word' id='word_1_148' title='bbox 686 4287 779 4354; x_wconf 79' lang='lat' dir='ltr'>Reges</span> <span class='ocrx_word' id='word_1_149' title='bbox 792 4289 934 4353; x_wconf 84' lang='lat' dir='ltr'><strong>superbos</strong></span> <span class='ocrx_word' id='word_1_150' title='bbox 947 4289 1058 4342; x_wconf 80' lang='grc'><strong>1111111</strong></span> 
     </span>
    </p>
   </div>
   <div class='ocr_carea' id='block_1_14' title="bbox 685 4831 1053 4900">
    <p class='ocr_par' dir='ltr' id='par_1_21' title="bbox 685 4831 1053 4900">
     <span class='ocr_line' id='line_1_33' title="bbox 685 4831 1053 4900; baseline 0 -14"><span class='ocrx_word' id='word_1_151' title='bbox 685 4836 806 4888; x_wconf 81' lang='lat' dir='ltr'><strong>Armate</strong></span> <span class='ocrx_word' id='word_1_152' title='bbox 821 4833 968 4900; x_wconf 78' lang='lat' dir='ltr'><strong>pugnavit</strong></span> <span class='ocrx_word' id='word_1_153' title='bbox 981 4831 1053 4886; x_wconf 89' lang='lat' dir='ltr'><strong>ildes</strong></span> 
     </span>
    </p>
   </div>
   <div class='ocr_carea' id='block_1_15' title="bbox 0 0 1824 5670">
    <p class='ocr_par' dir='ltr' id='par_1_22' title="bbox 0 0 1824 5670">
     <span class='ocr_line' id='line_1_34' title="bbox 0 0 1824 5670; baseline 0 5"><span class='ocrx_word' id='word_1_154' title='bbox 0 0 1824 5670; x_wconf 95' lang='lat' dir='ltr'><strong> </strong></span> 
     </span>
    </p>
   </div>
  </div>
 </body>
</html>
