3592 5668
717 498 878 561 ,pp-

164 615 343 682 Gennadius
369 629 433 680 non
461 613 532 678 sine
558 631 643 688 cura,
673 613 743 678 siue
770 613 974 680 ueneratione
1002 621 1033 679 et
1059 611 1219 682 prudentii
1246 616 1440 684 mentionem

162 714 296 790 iaciunt,
308 722 340 777 et
353 706 408 795 per
428 729 484 776 ora
499 712 642 778 uirorum
666 711 754 776 illius
773 729 866 793 opera
884 713 1063 778 uolitarisse
1083 713 1121 776 iis
1139 715 1333 796 temporibus
1346 716 1440 782 iidem

162 811 291 878 fecium.
315 809 559 890 humanissimus
582 814 697 884 autem
724 809 779 888 aui
807 809 898 874 nohis
922 810 1053 874 traditus
1081 811 1140 874 iuit
1164 812 1272 887 codex,
1297 813 1438 891 maximi,

161 909 339 989 singularis,
357 908 466 987 utjarn
479 906 625 981 diximus,
643 907 799 988 ponderis,
824 907 877 972 ille
896 907 1013 986 estqui
1033 909 1245 973 Purusncsvel
1260 911 1441 975 Psnmrnnsrs

162 1007 288 1082 dicitur,
310 1012 478 1085 nostraque
497 1005 530 1070 in
550 1005 741 1070 Bibliotheca
761 1006 842 1070 dicta
867 1007 1027 1070 Natianati
1047 1023 1182 1070 numero
1198 1007 1278 1071 8881
1300 1015 1440 1078 notatur.

162 1105 222 1180 Qui
251 1105 305 1172 diu
330 1104 462 1182 aequalis
485 1103 646 1168 Prudentii
673 1103 770 1186 ipsius
798 1104 923 1168 habitus
949 1111 996 1168 est
1025 1105 1076 1184 (¹).
1103 1107 1193 1170 Nunc
1221 1112 1341 1170 constat
1366 1124 1440 1174 eum

162 1203 291 1270 meante
309 1208 396 1266 sente
424 1202 534 1266 secula
553 1207 715 1266 exaratum
737 1201 842 1265 luisse.
865 1203 946 1268 lllud
970 1202 1172 1283 splendidum
1192 1203 1353 1279 uolumen,
1376 1221 1440 1283 qua

163 1315 228 1366 nen
247 1300 403 1366 immerito
422 1306 529 1366 nostra
546 1299 740 1364 Bibliotheca
757 1299 919 1379 gloriatur,
938 1301 1109 1364 lethales
1129 1301 1203 1364 lolia
1222 1301 1439 1380 membranea;

163 1397 340 1462 uncialibus
354 1399 400 1479 (id
414 1403 461 1462 est
472 1397 654 1476 capitalibus
667 1397 781 1460 nostris
794 1396 973 1473 simillimis)
990 1397 1102 1461 litteris
1115 1405 1278 1460 exaratum
1292 1404 1348 1473 est,
1364 1413 1441 1478 quus

159 1495 231 1574 jure
245 1497 335 1558 Baehr
347 1495 580 1560 venustissimae
594 1511 662 1560 esse
676 1494 833 1575 praedicat.
849 1495 995 1558 Continet
1008 1495 1110 1574 Goth„
1121 1495 1324 1575 spasmeam,
1335 1495 1440 1574 llam„

164 1593 287 1672 Penei„
305 1594 537 1673 Pmmtephaacn
551 1594 575 1671 1,
590 1595 626 1670 ll,
641 1594 690 1671 Ill,
708 1593 758 1667 lv,
776 1593 821 1672 V;
836 1593 932 1656 ceteri
946 1593 1182 1672 Parhmplanan
1193 1599 1224 1656 et
1243 1593 1274 1656 d.
1288 1593 1319 1660 S.
1341 1595 1442 1659 omnis

165 1690 392 1756 desiderantur.
419 1692 570 1771 Tempore
600 1690 666 1770 ipso
688 1707 754 1769 quo
781 1695 943 1754 exaratum
971 1688 1039 1762 luit,
1065 1691 1150 1769 quad
1171 1689 1245 1754 satis
1269 1707 1308 1754 es
1331 1691 1442 1756 litteris

164 1795 304 1870 apparet,
330 1789 577 1853 commendatur.
604 1787 731 1852 Accedit
760 1788 830 1860 hoc,
861 1787 1133 1851 animadversione
1153 1788 1290 1852 manime
1312 1789 1443 1869 dignum

165 1887 249 1966 quod
286 1887 326 1950 ad
361 1888 457 1950 linem
496 1885 735 1948 Cathemerinon
771 1885 886 1964 legitur
923 1901 1038 1950 namen
1078 1886 1244 1950 verulus
1278 1886 1442 1953 tuohlvs

164 1983 349 2060 assuatis,
372 1984 493 2058 eadem,
516 1989 553 2048 ut
575 1983 711 2058 videtur,
739 1999 837 2048 manu
861 1999 923 2061 nna
946 1989 1047 2047 cetera
1072 1989 1198 2047 exarata
1222 1989 1296 2048 sant
1315 1984 1365 2064 (⁹).
1382 1985 1442 2061 Qui

165 2082 286 2148 Vettius
298 2081 432 2162 aponius
445 2081 661 2148 versimiliter
674 2099 737 2146 non
753 2086 799 2146 est
819 2080 901 2146 alius
920 2081 959 2162 (³)
982 2097 1080 2159 quam
1096 2081 1217 2146 Vettius
1235 2081 1289 2146 ille
1309 2083 1442 2162 apertos

165 2179 297 2244 Basilius
311 2179 490 2256 Mavortius,
508 2195 591 2246 anna
607 2180 666 2243 587
685 2180 806 2253 consul,
829 2179 884 2256 qai
905 2179 1025 2243 lloratii
1044 2179 1145 2243 Flacci
1165 2195 1259 2260 opera
1273 2179 1441 2244 recensuit.

166 2277 302 2358 Apparet
328 2281 445 2356 quanta
472 2278 611 2358 pandere
638 2277 824 2352 Elaeodes,
856 2276 935 2340 tanti
961 2276 1155 2340 incremento
1184 2277 1347 2353 curatoris,
1377 2292 1443 2342 esse

167 2377 287 2442 debeat.
321 2375 452 2440 Minime
484 2382 624 2440 aeterum
650 2375 819 2438 mendosus
848 2381 904 2450 est,
935 2375 1108 2455 praesertim
1137 2374 1170 2438 in
1201 2375 1441 2451 Gmhemerinam

165 2474 333 2554 Apotheosi,
364 2473 607 2553 Harmartlpenla,
642 2472 892 2552 Psychamaehia.
927 2472 1072 2549 lncuriae,
1103 2473 1207 2553 potius
1235 2472 1443 2538 festinationis

164 2571 295 2651 resipis
309 2571 413 2650 aliqua
430 2571 566 2652 reperias
580 2571 614 2634 in
631 2572 877 2646 peristephanon.
894 2571 1044 2635 libenter
1057 2571 1233 2634 existiment
1248 2572 1333 2634 hunc
1346 2587 1443 2636 manu

165 2670 316 2751 scriptum
342 2669 460 2734 librum
489 2685 553 2732 non
581 2687 599 2733 a
627 2669 757 2734 librario
783 2668 977 2733 mercenaria
1002 2674 1167 2734 exaratum
1198 2669 1303 2744 luisse,
1328 2669 1383 2733 sed
1404 2670 1443 2733 ab

167 2774 277 2832 ornatu
297 2773 328 2832 et
344 2767 480 2832 litterato
502 2766 640 2842 homine,
659 2783 730 2832 cum
745 2766 1058 2830 animadvertendum
1072 2765 1113 2829 sit
1133 2765 1217 2830 loeas
1240 2766 1347 2846 plures
1369 2783 1443 2832 cura

166 2866 264 2944 magis
279 2865 387 2929 sedula
401 2881 495 2943 quam
509 2883 566 2945 pra
584 2865 713 2930 librario
734 2866 911 2928 elaboratas
932 2863 1038 2927 luisse.
1051 2863 1192 2944 Exempli
1217 2879 1321 2935 causa,
1345 2863 1444 2927 vide:

168 2965 254 3028 Gali.
271 2965 346 3037 11111,
362 2965 416 3028 hB:
434 2965 530 3042 lappis
544 2971 651 3028 contra
665 2981 796 3039 morem,
812 2964 867 3026 sed
881 2964 973 3028 metri
995 2979 1103 3040 causa3
1120 2964 1178 3041 Ap.
1197 2963 1249 3028 lat:
1266 2964 1442 3041 manenda,

166 3063 252 3142 quad
266 3063 455 3126 vocabulum
470 3062 592 3125 Bressel
608 3063 770 3141 spernenda
789 3061 896 3124 scribit
915 3060 1043 3138 vitiose3
1067 3061 1126 3140 Ap.
1147 3061 1224 3124 aad:
1242 3060 1361 3136 811111,
1379 3077 1443 3124 non

164 3177 298 3241 prmms3
315 3164 373 3239 Ap.
389 3160 465 3224 113;
480 3159 594 3238 hecht
606 3161 690 3238 quod
702 3159 799 3238 magis
808 3159 1017 3239 probantium,
1030 3157 1224 3238 etymologiae
1234 3174 1337 3234 causa,
1348 3175 1443 3238 quam

165 3260 279 3337 adelam
293 3260 398 3338 Psycb.
414 3257 493 3322 328:
508 3258 590 3320 intem
607 3262 654 3331 lut
668 3258 783 3336 italicis,
794 3258 900 3334 illicia,
912 3257 1059 3334 indiciam,
1072 3257 1212 3337 illiciam)
1224 3256 1338 3320 melius
1349 3271 1445 3336 quatu

167 3357 356 3422 dresseliana
386 3354 477 3420 lectio
500 3357 580 3436 1111,-
603 3357 710 3435 Psyeh.
737 3355 814 3420 tlt:
833 3355 947 3429 damas,
966 3371 1029 3417 nan
1045 3353 1131 3416 demo
1149 3355 1234 3433 quad
1256 3371 1314 3418 nec
1337 3355 1443 3420 sensui

166 3462 336 3520 necmetrc
350 3453 510 3532 congruit;
527 3455 599 3518 alia.
624 3455 669 3520 Es
688 3454 804 3533 quihus
823 3453 1057 3534 videndumest
1075 3453 1221 3516 sedulum
1240 3458 1271 3515 et
1289 3452 1445 3516 ornatissi-

165 3571 254 3616 mum
269 3555 374 3619 virum
389 3555 510 3620 Dressel
524 3552 637 3616 meritc
653 3552 788 3616 doluisse
804 3552 891 3629 quod
908 3566 971 3614 non
993 3556 1137 3630 potuerat
1157 3549 1256 3614 aculis
1270 3551 1444 3616 Puteanum

167 3651 308 3716 codicem
329 3670 525 3732 cognoscere.
548 3651 628 3714 Sunt
655 3651 803 3728 equidem
823 3648 966 3722 maculae,
988 3663 1123 3728 quarum
1149 3647 1219 3711 aliae
1238 3648 1444 3712 111111111-

166 3749 288 3814 toribus
302 3751 542 3832 proficiscuntur
555 3749 657 3829 (Cath.
673 3750 711 3823 Χ,
729 3750 804 3812 lli:
822 3747 931 3827 ipsein
949 3745 1047 3822 testu,
1063 3746 1140 3825 ipsa,
1162 3745 1262 3824 ignem
1282 3745 1385 3820 lectio,
1409 3745 1443 3807 in

166 3848 364 3914 interlineari
378 3848 612 3924 emendatione;
630 3847 731 3926 alias),
747 3847 854 3927 plures
868 3845 999 3909 incuriae
1014 3843 1189 3907 annuenda
1203 3849 1287 3906 sunt.
1301 3843 1443 3924 Exempli

167 3961 260 4010 cama
274 3946 361 4010 ride:
377 3949 466 4008 hama
481 3963 538 4026 pro
553 3945 641 4009 inmo
663 3944 763 4022 (Ceth.
784 3945 831 4017 lll,
854 3944 938 4022 illl),
958 3943 1021 4004 sala
1041 3957 1096 4021 pro
1115 3941 1180 4003 sala
1200 3940 1304 4022 (Geth.
1323 3941 1361 4016 V,
1377 3940 1441 4021 88),

163 4045 268 4127 flaprc
277 4061 398 4125 semper
406 4061 463 4124 pro
470 4045 577 4125 frapm
586 4043 688 4121 (Goth.
701 4043 738 4115 ll,
751 4041 818 4117 101,
829 4041 929 4120 alias),
939 4047 1065 4103 natante
1075 4057 1131 4121 pra
1143 4047 1268 4102 vacante
1276 4039 1379 4119 (cath.
1391 4039 1442 4111 Vl,

165 4142 251 4215 aaut,
280 4143 436 4222 flammat
462 4159 518 4221 pro
546 4137 711 4221 fenerabat
737 4145 772 4201 ut
796 4137 905 4202 scribit
919 4137 1050 4212 Bressel
1068 4136 1172 4218 potius
1199 4153 1256 4219 pra
1282 4137 1447 4216 pimerarnt

166 4239 273 4314 (teth.
284 4240 335 4315 111,
350 4241 414 4315 11),
429 4237 566 4302 delibata
578 4255 635 4318 pro
648 4235 782 4300 delibata
798 4236 920 4314 (Psych.
936 4236 1020 4314 312),
1036 4252 1187 4333 11111111
1200 4251 1250 4314 spa
1265 4234 1388 4312 (Perist.
1405 4231 1441 4307 11,

165 4337 251 4417 131),
272 4338 348 4402 cales
367 4353 424 4416 pro
443 4337 516 4400 calis
540 4334 662 4415 (Portet.
688 4336 723 4410 11,
749 4335 833 4410 adt),
857 4334 1099 4415 confederandam
1121 4339 1152 4396 et
1175 4334 1367 4404 marcanesca,
1385 4345 1444 4410 pro

163 4436 405 4516 confederantur
438 4441 469 4498 et
501 4440 706 4508 mansuescat,
738 4449 809 4496 cum
842 4449 936 4495 versu
970 4430 1113 4510 sequenti
1145 4431 1226 4493 hene
1253 4435 1446 4492 mansuescat

199 4605 230 4667 (¹)
247 4602 317 4653 Vide
330 4601 440 4654 Gabriel
454 4603 566 4658 Peionot
580 4623 585 4651 z
599 4600 676 4654 Esset
691 4600 722 4653 de
740 4599 880 4653 euriositas
901 4597 1149 4666 btttioarapntqaes
1165 4595 1256 4660 (1881),
1272 4595 1314 4647 vel
1333 4595 1443 4648 Dressel

164 4685 214 4750 qui
227 4683 387 4734 adverbum
402 4682 492 4740 reiert,
507 4682 611 4745 Proleg.
626 4681 763 4740 editionis,
776 4695 801 4745 p.
814 4694 926 4730 xnnvnr.
1292 4731 1295 4738 ,

199 4765 229 4829 (1)
247 4765 281 4818 U·
296 4765 413 4816 condite
425 4763 536 4816 omnino
547 4764 644 4826 dicam,
659 4764 758 4828 legitur
770 4763 916 4814 melenus:
931 4781 944 4807 α
957 4775 1047 4812 ...rrae
1057 4759 1090 4825 (t)
1101 4773 1211 4811 scauros
1224 4769 1242 4811 .'.
1254 4771 1356 4812 sacrus·

198 4846 229 4912 (³)
247 4847 287 4900 cl.
300 4847 398 4898 Baehr:
410 4844 589 4900 christlichen
602 4844 718 4904 bletter,
731 4858 759 4908 p.
771 4843 808 4894 90.
