3592 5668
672 563 674 568 .
737 525 897 588 ..43-

177 648 313 708 mactare
334 647 467 724 pararet,
493 643 607 722 cuique
628 648 770 707 nostrum
793 643 857 706 lieo
878 641 1003 721 jubenti
1029 640 1140 721 «qnod
1157 640 1241 704 deice
1266 639 1359 715 corti,
1376 641 1455 720 qnod

174 743 271 822 pne,
296 741 514 822 pondaticom
533 741 816 821 offerendnmemc»
844 740 894 822 (V.
916 742 946 817 d,
969 741 1011 819 7);
1035 757 1106 803 cum
1125 745 1280 820 pugnaret
1305 739 1453 804 adversus

177 841 309 922 populos
323 841 387 904 lieo
401 839 529 917 invisos,
547 838 636 904 nobis
654 843 844 905 «3333111133
855 846 924 903 3113
931 839 1046 918 protem
1055 841 1191 920 pignere,
1204 837 1263 900 lico
1273 837 1451 916 placentem,

176 945 274 1002 313111
291 937 404 1002 1111313
416 939 538 1012 cdttom,
554 955 645 1018 33331
658 944 762 1020 inape
779 938 877 1001 mnttc
892 936 1046 1002 belticosos
1060 937 1185 1015 spiritns
1200 941 1341 1016 portenta
1356 935 1455 999 331113

177 1039 323 1112 vicerim»
354 1053 425 1103 cum
453 1039 492 1102 ab
514 1036 632 1117 angelis
660 1037 773 1100 visitur
796 1036 907 1109 ternis,
938 1035 1099 1100 Trinitatis
1133 1034 1311 1115 exemplum
1336 1035 1455 1114 praebet

184 1153 343 1216 «porcam
367 1135 473 1215 pudici
498 1137 595 1200 cordia
623 1151 758 1198 cotom»
793 1135 955 1214 ingressam
986 1149 1059 1197 curn
1088 1149 1220 1196 uxorem
1254 1133 1402 1196 «victam
1426 1138 1457 1196 ct

176 1251 380 1316 macconem»
398 1240 502 1316 stupet
511 1234 632 1316 prolem
643 1233 747 1309 edere,
761 1249 818 1297 nes
830 1233 921 1297 docet
931 1246 994 1312 quo
1010 1237 1099 1311 pacto
1111 1234 1198 1295 lesus
1218 1253 1230 1288 1
1246 1230 1390 1304 nnimcm,
1403 1231 1455 1310 pie

177 1333 332 1407 maritam,
353 1333 447 1412 protis
466 1332 518 1396 din
539 1336 689 1411 coopertum
708 1331 809 1413 societ
830 1331 955 1410 perenni
978 1331 1114 1410 fertitem
1138 1329 1173 1392 dc
1192 1329 1302 1392 semine
1321 1349 1351 1406 ²3
1376 1327 1453 1406 quin

178 1431 284 1509 immo,
305 1434 453 1496 «trecenti
467 1430 513 1496 bis
524 1431 646 1495 novenis
659 1431 799 1494 additis»
820 1428 903 1492 serni
920 1431 1104 1510 «mysticam
1115 1429 1275 1492 1333311311
1288 1427 1447 1509 figuram»

177 1529 372 1610 intelligendi
390 1536 473 1607 sunt,
490 1545 586 1609 quam
604 1545 669 1593 nou
688 1528 822 1610 explicat
841 1525 1038 1604 Prudentius,
1059 1542 1130 1605 quaa
1149 1530 1265 1604 autem,
1286 1525 1311 1591 si
1334 1525 1454 1590 bressel

177 1629 245 1692 tidis
262 1630 311 1711 (¹),
328 1628 407 1692 nibil
423 1629 509 1694 aliud
524 1628 584 1692 nisi
601 1645 727 1694 crucem
742 1629 841 1710 ipsam
855 1625 1028 1690 Servatoris
1042 1624 1205 1706 significat.

217 1727 361 1807 Lagentie
376 1727 502 1807 ingenio
512 1728 585 1792 satis
600 1743 757 1809 superque
768 1726 828 1790 hoc
838 1723 991 1806 prooemio
1007 1725 1046 1788 ad
1063 1725 1177 1803 ligures
1192 1730 1223 1786 et
1234 1722 1454 1787 similitudines

177 1831 284 1907 parato
302 1826 420 1905 incipit,
438 1831 473 1889 ut
493 1831 614 1890 veteres
636 1825 725 1890 aiunt
750 1824 882 1900 codices,
904 1822 1054 1886 Virtntnm
1077 1828 1107 1885 ct
1124 1821 1269 1885 Vitiorum
1295 1822 1452 1885 contentio.

177 1924 250 1988 llaec
261 1930 306 1988 est
319 1923 457 2005 primum
468 1923 677 2003 singularium
687 1923 868 2005 preliorum
883 1921 989 1998 series,
1005 1920 1118 1984 deinde
1132 1920 1214 1984 acies
1228 1926 1259 1984 et
1273 1937 1452 1984 concursus.

177 2022 257 2086 Ecce
278 2022 378 2104 prima
400 2023 559 2088 concurrit
579 2023 667 2098 Frons
692 2039 764 2087 cum
785 2021 927 2085 Varnnun
950 2036 1078 2084 cccrum
1099 2017 1454 2083 pronuntiabimur

177 2119 265 2184 etms
279 2122 377 2185 hostis

970 2232 1068 2274 recru

390 2309 434 2366 De
445 2312 593 2379 pecudum
605 2313 714 2366 satiate
726 2313 789 2383 solo
801 2311 940 2378 applicat,
951 2233 985 2364 gt
996 2230 1178 2376 pedeoergioat

389 2401 749 2457 Elisoeinmorteocuios
767 2437 1132 2461 .....................
1149 2395 1288 2470 (Pelii.)

216 2545 284 2608 iam
303 2543 336 2607 in
351 2543 436 2608 testis
451 2543 573 2615 adstant
592 2543 686 2608 armis
701 2543 790 2623 virgo
804 2543 951 2606 Puorcrrra
966 2547 997 2605 at
1018 2541 1163 2605 Senonum
1183 2541 1295 2604 Licino.
1315 2539 1454 2615 Quarum

177 2641 231 2706 illa
245 2648 408 2723 postquam
422 2641 575 2706 immensa
590 2635 676 2723 prins
692 2641 833 2704 oratione
848 2639 1027 2704 Libidinem
1044 2639 1160 2716 obruit,
1178 2655 1248 2702 eam
1270 2639 1304 2701 in
1326 2639 1453 2702 Tartara

178 2741 368 2822 praecipitem
383 2741 532 2805 immittit.
545 2742 624 2805 Aliae
637 2742 785 2817 subeunt,
802 2742 955 2804 Partunru
964 2739 1083 2803 scilicet
1094 2740 1195 2817 etiae,
1206 2754 1276 2816 quae
1288 2744 1454 2818 postquam

177 2840 291 2903 trustra
307 2841 495 2904 debacchata
510 2845 565 2919 est,
582 2857 642 2904 suo
656 2857 689 2902 se
704 2839 770 2921 ipsa
782 2838 885 2918 gladie
902 2838 1053 2902 confodit.
1072 2839 1151 2901 Tum
1165 2843 1323 2900 mortuam
1343 2835 1454 2899 acerri-

177 2937 237 3000 mis
255 2937 359 3003 verbis
378 2939 553 3020 increpans,
581 2939 702 3004 tumido
726 2955 780 3002 ore
801 2938 940 3018 delitigat
961 2938 1127 3013 Partenrn,
1155 2952 1214 2999 nec
1233 2936 1318 3012 satis,
1334 2934 1452 3010 forsan,

177 3035 333 3118 patienter
342 3037 462 3102 medios
477 3039 510 3101 in
524 3039 627 3102 hostes
642 3038 748 3115 irruit,
777 3042 917 3118 «egregie
932 3037 1220 3110 33311331331131,
1241 3034 1300 3097 Job
1322 3032 1452 3095 scilicet.

218 3135 375 3214 allegoria
386 3137 538 3200 constanti
550 3136 702 3200 nimirum
714 3143 745 3199 et
755 3137 926 3216 ingeniosa,
943 3135 1121 3212 viridisque
1134 3132 1451 3212 coloribusexpressa,

178 3249 251 3298 ecce
276 3233 419 3298 Surenam
442 3236 565 3298 Mnnrcn
585 3253 714 3299 nuntnnn
735 3234 866 3318 invadit,
887 3250 983 3312 quam
1009 3232 1081 3296 Sars
1103 3231 1281 3294 comitatur.
1299 3228 1454 3294 conviciis

177 3331 317 3412 primum
332 3339 364 3396 et
376 3333 517 3414 prolixis,
534 3340 570 3397 ut
587 3335 677 3411 solet,
699 3333 860 3397 inimicam
879 3330 1025 3411 Superbia
1044 3336 1202 3411 provocat,
1227 3328 1340 3392 deinde
1361 3326 1456 3391 calca·

177 3429 266 3494 ribam
281 3430 501 3510 ioditequum,
518 3432 574 3496 sed
586 3448 724 3512 praeceps
739 3432 773 3496 in
787 3432 932 3495 scrobem
947 3449 964 3495 a
979 3431 1095 3494 Faunae
1110 3435 1251 3511 paratam
1265 3426 1385 3491 incidit.

219 3529 362 3594 Occurrit
385 3530 546 3609 Luxuries,
576 3531 735 3610 eleganter
760 3536 790 3592 et
817 3529 894 3594 scite
923 3528 1085 3610 descripta,
1113 3527 1165 3592 cui
1190 3525 1338 3591 debemus
1365 3525 1455 3605 quasi

177 3628 325 3692 festivum
340 3628 444 3692 medio
460 3629 494 3691 in
505 3635 647 3710 poemate
663 3627 846 3693 embolium.
860 3629 942 3705 Haec,
959 3645 1015 3709 pro
1031 3626 1125 3690 armis
1139 3625 1281 3702 telisque,
1297 3622 1378 3686 nibil
1393 3623 1454 3686 nisi

178 3727 395 3806 lioresversat,
411 3726 599 3815 hastiliaque
613 3743 680 3805 sua,
696 3743 780 3790 rosas
795 3733 825 3790 et
838 3725 948 3804 violas,
962 3725 1130 3804 jaculatur.

219 3826 287 3888 lam
304 3831 390 3906 terga
410 3825 527 3889 dabant
548 3826 700 3903 Virtutes,
724 3826 779 3889 sed
806 3826 975 3906 ‹inpemnit
997 3831 1060 3888 tam
1081 3823 1165 3885 triste
1182 3822 1269 3900 ncfne
1285 3821 1454 3902 fortissimo

177 3924 277 3986 311133
301 3923 499 3988 mutareris».
524 3926 599 4000 Quae
627 3925 764 4007 primum
796 3923 963 3988 immodica
990 3919 1296 3997 deminoratione,
1326 3918 1451 3996 deinde,

179 4037 254 4086 cum
283 4022 345 4086 telo
368 4028 481 4101 careat,
503 4042 578 4089 saxo
605 4029 696 4104 caput
719 4023 863 4086 Lonorio
888 4023 991 4085 illidit.
1012 4023 1092 4084 ‘lum
1118 4036 1190 4084 cnm
1221 4037 1276 4083 sua
1303 4017 1454 4081 vitiorum

179 4125 305 4186 caterva
328 4121 368 4205 (²)
387 4128 545 4187 certamen
566 4121 626 4186 init
639 4122 795 4198 Aranrrra,
813 4139 874 4202 qua
891 4121 923 4184 in
946 4119 1150 4184 describenda
1172 4119 1237 4181 vim
1257 4115 1454 4196 excogitandi

176 4217 371 4299 singularem
385 4221 537 4302 vivosque
551 4222 670 4286 colores
688 4222 874 4286 Prudentius
892 4220 1016 4285 exserit.
1039 4219 1155 4282 Contra
1174 4218 1368 4283 bellatricem
1383 4231 1454 4295 quae

177 4324 228 4380 tot
242 4326 272 4382 et
285 4319 377 4383 tantis
391 4321 484 4384 sociis
497 4322 579 4384 bella
594 4321 684 4401 gerit,
702 4321 791 4384 llario
806 4325 875 4383 stat.
893 4318 953 4382 Diu
964 4333 1063 4398 pagna
1081 4323 1180 4380 nutat.
1193 4318 1260 4380 lam
1272 4312 1455 4377 inclinatam

176 4433 311 4482 suorum
325 4417 511 4500 phalangem
522 4420 667 4485 Avaritia
681 4418 933 4484 animadvertens
948 4433 981 4480 se
996 4415 1120 4481 devinci
1136 4431 1224 4497 posse
1237 4413 1370 4476 miratur
1384 4429 1455 4492 qnae

211 4656 451 4726 (1131313333,
471 4662 713 4725 11313333113131,
730 4661 865 4728 perjurio,
884 4660 981 4726 potior,
1002 4655 1169 4724 demmptetc,
1193 4655 1453 4717 3131333313113313,

176 4740 436 4808 1133311113,3311133,
449 4741 704 4798 tnmcntmsocrtc
717 4741 835 4795 monstri
847 4739 989 4798 comitatus
1007 4742 1143 4805 agonem,-
1161 4737 1214 4790 Ncc
1231 4737 1323 4788 minus
1342 4737 1452 4794 interca,

176 4821 344 4876 rabidorum
353 4836 429 4875 merc
440 4823 575 4890 lnporum,
590 4823 716 4877 (immina
723 4822 876 4890 persultent
886 4824 938 4876 toto
946 4819 1103 4886 prmscntm
1111 4831 1215 4885 compe,
1225 4816 1322 4870 llotrio
1331 4815 1456 4870 33311113

177 4901 305 4967 nigredo
317 4903 384 4956 lactc
394 4908 485 4958 311313
496 4904 576 4970 (loti).
