3592 5668
917 501 1076 562 ...14-

363 619 533 693 martyrum
552 615 737 695 praelaturae,
765 621 954 678 «nostram»
980 615 1128 695 praeditat
1146 615 1265 679 nullom
1289 619 1403 695 prater
1423 613 1626 693 Calagurrim.

363 712 496 776 Omnem
510 711 601 775 liceat
615 712 719 776 locum
733 713 850 775 relerre
867 733 874 775 ε

642 855 690 908 Bis
703 869 809 909 novem
823 855 922 909 noster
932 853 1058 927 populas
1071 859 1127 910 sub
1141 870 1201 910 uno

582 949 584 956 '
642 947 806 1010 Martyrum
818 949 916 1000 servat
928 946 1040 998 eineres
1053 947 1204 1010 sepulcro:

643 1035 900 1098 Caesaraugustam
914 1035 1080 1088 vocitamus
1092 1036 1197 1088 urbem

764 1125 820 1176 Res
833 1123 880 1178 cui
893 1126 977 1176 tanta
993 1127 1047 1178 est.

641 1463 715 1515 Cum
727 1463 806 1516 Deus
819 1463 953 1517 dextram
967 1464 1104 1530 quatiens
1117 1477 1269 1518 coruscam

642 1553 724 1605 Nube
738 1553 887 1606 subnixus
901 1553 999 1606 veniet
1012 1554 1147 1623 rubente,

641 1641 915 1707 commutatum
924 1643 1077 1707 positurus
1088 1654 1174 1708 aequo

765 1733 891 1784 Pondere
904 1732 1020 1800 libram,

640 1857 715 1912 Orbe
728 1857 764 1910 de
776 1871 885 1924 magno
898 1861 987 1923 caput
999 1857 1127 1911 excitata

640 1945 763 2001 Obviam
775 1945 893 2000 Christo
905 1950 1094 2012 properanter
1106 1947 1162 2000 ibit

640 2035 750 2088 Civitas
765 2047 888 2101 quaeque
901 2035 1029 2100 pretiosa
1040 2038 1162 2100 portans

763 2125 846 2176 Dona
857 2123 1006 2178 canistris.

640 2249 710 2301 Afra
722 2248 868 2316 carthago
881 2251 934 2301 tua
945 2252 1060 2314 promet
1071 2262 1148 2316 ossa,

640 2340 696 2392 Ore
708 2337 832 2391 facundo
846 2337 988 2402 Cypriane
1000 2338 1101 2392 doctor
1115 2359 1121 2389 ε

640 2427 775 2479 Corduba
786 2426 934 2480 Acisclum
947 2427 1029 2480 dabit
1042 2430 1071 2480 et
1084 2429 1214 2482 zoellum

763 2519 890 2582 Tresque
903 2529 1032 2570 coronas.

643 2637 687 2694 Ta
698 2642 796 2694 tribus
809 2641 935 2706 gemmis
948 2641 1080 2695 diadema
1092 2643 1230 2708 pulcrum

639 2730 747 2784 Oliaros
760 2731 877 2784 Christo
891 2730 1021 2794 genitrix
1034 2731 1151 2795 piorum

641 2821 773 2887 Tarraco,
787 2818 895 2871 intexit
908 2819 956 2871 eui
970 2822 1150 2873 Fructuosus

764 2907 858 2961 Sutlla
870 2907 1013 2961 vinclum.

641 3034 752 3086 Nomen
766 3032 820 3086 hoe
832 3044 958 3098 gemmae
971 3031 1103 3097 strophio
1117 3033 1266 3099 illigatum
1280 3035 1336 3102 est,

640 3122 777 3176 Emicant
787 3122 875 3186 juxta
887 3121 997 3187 lapidea
1010 3122 1138 3191 gemelli,

638 3213 728 3264 Ardet
740 3214 770 3264 et
782 3211 919 3275 splendor
930 3210 1033 3274 parilis
1045 3212 1173 3264 duorum

761 3302 833 3363 igne
846 3310 976 3351 corusco.

638 3425 730 3476 Parva
743 3423 846 3476 Felicis
858 3424 946 3476 decus
960 3424 1110 3477 exhibebit

636 3513 769 3565 Artubus
782 3513 894 3566 sanctis
907 3513 1036 3578 locuples
1050 3514 1197 3568 Gerunda.

637 3598 753 3654 Nostro
765 3601 894 3666 gestabit
908 3601 1077 3666 Calagurris
1091 3603 1196 3655 ambos

761 3690 839 3752 Quos
853 3702 1039 3743 veneramur.

398 4037 486 4102 Unde
500 4055 563 4101 non
581 4037 649 4102 sine
664 4054 756 4102 causa
771 4037 899 4116 qnidam
921 4036 1072 4115 eolligunt
1086 4035 1357 4115 calagurritarum
1376 4039 1469 4104 luisse
1489 4041 1628 4106 Pruden-

358 4137 449 4200 tium.
466 4135 498 4199 si
514 4122 621 4200 'tamen
640 4135 841 4200 temerarium
855 4135 1022 4211 existimes,
1040 4151 1104 4198 uno
1126 4139 1248 4198 tantum
1267 4135 1335 4199 loeo
1354 4143 1384 4201 et
1402 4139 1513 4202 eodem
1530 4138 1629 4203 dubio

359 4237 480 4305 lrelam.
498 4233 691 4313 Calagurrlm
704 4249 798 4296 snum
812 4232 912 4297 civem
926 4232 1130 4296 Prudentium
1147 4231 1318 4310 vindicare,
1336 4234 1445 4298 saltem
1460 4235 1517 4300 tibi
1532 4239 1627 4300 confi·

359 4333 489 4396 tendum
521 4338 576 4408 est,
607 4349 646 4396 ex
674 4331 819 4394 omnibus
848 4331 914 4394 istis
942 4328 1147 4404 documentis,
1177 4329 1380 4395 Prudentium
1413 4349 1452 4396 ex
1479 4333 1627 4413 Hispania

358 4430 591 4511 septentrionali
606 4429 700 4492 luisse
709 4434 824 4506 ertum,
838 4428 923 4507 quod
937 4427 1002 4507 ipse
1012 4426 1261 4492 manifestissime
1277 4428 1536 4510 declamandum
1551 4430 1629 4494 dicit

359 4527 483 4608 (Periti.
497 4528 546 4605 vl,
564 4527 649 4610 146);

638 4655 797 4709 Exsultare
809 4653 907 4707 tribus
920 4652 988 4704 licet
1001 4650 1133 4715 patronis

636 4745 768 4808 Quorum
781 4741 916 4808 praesidio
927 4740 1061 4792 fovemur
1072 4751 1174 4792 omnes

639 4835 794 4886 Terrarum
806 4829 908 4896 populi
922 4830 1128 4894 pyrenearum.
