3640 5670
915 496 1074 560 ..82-

357 623 418 686 quc
445 609 563 672 ‹tali›
591 625 651 674 non
681 621 776 686 arcte,
808 629 869 676 nou
899 620 969 692 apte
996 615 1068 678 satis
1093 631 1241 678 excursus
1269 615 1356 695 operi
1381 616 1489 680 haeret.
1518 617 1569 681 Sic
1597 618 1629 680 in

358 704 466 768 Perist.
484 707 495 768 Ι
514 728 521 770 :

551 861 678 918 Pulchra
689 878 735 919 res
748 866 842 920 ictum
854 868 910 921 suh
924 880 993 922 ense
1006 869 1202 934 persecutoris
1215 870 1294 935 peti:

551 956 662 1010 Nobilis
673 969 726 1021 per
739 958 848 1010 vulnus
861 959 995 1024 amplum
1007 962 1092 1023 porte
1102 960 1193 1023 justis
1210 959 1362 1030 panditur,

551 1045 622 1098 Luta
630 1059 715 1099 mens
728 1047 760 1098 in
772 1046 854 1101 fonte
866 1048 955 1100 rubro
969 1048 1036 1101 sede
1049 1047 1144 1102 cordis
1157 1048 1250 1103 exilit.

530 1155 537 1167 ·
550 1135 607 1187 Nec
620 1135 724 1188 rudem
736 1137 817 1189 crudi
830 1137 938 1190 laboris
951 1141 1021 1191 aute
1034 1139 1127 1191 vitam
1140 1138 1288 1192 duxerant

548 1225 656 1279 Milites
670 1240 742 1292 quos
755 1227 790 1279 ad
802 1239 930 1291 perenne
942 1227 1099 1294 cingulum
1111 1227 1249 1282 Christus
1263 1231 1365 1282 vocat:
1380 1225 1502 1298 (Perist.
1515 1227 1596 1301 1,28)

356 1428 418 1446 .....
434 1381 574 1462 sequitur
588 1383 731 1462 martyris
745 1384 907 1464 utriusque
922 1375 1061 1448 historia.

393 1480 442 1541 Fit
456 1482 560 1559 etiam,
577 1498 646 1545 raro
666 1481 822 1562 equidem,
838 1488 872 1545 ut
891 1482 995 1545 nullus
1010 1483 1160 1546 transitus
1181 1483 1232 1562 sit,
1248 1485 1477 1565 repentinaque
1491 1484 1627 1550 narratio

355 1577 440 1656 quasi
454 1579 616 1660 irrumpat.
632 1579 682 1644 Sic
697 1582 728 1642 in
743 1580 834 1643 Cath.
848 1582 875 1642 ΙΙ
892 1601 899 1644 :
923 1588 1085 1669 postquam
1100 1582 1184 1644 euim
1200 1582 1386 1646 Prudentius
1401 1600 1470 1665 quae
1485 1585 1558 1662 sint,
1574 1590 1626 1647 aut

354 1673 488 1742 debeant
501 1694 668 1743 essemane
683 1678 848 1743 Christiani
863 1680 1039 1758 sententiae,
1056 1679 1301 1760 omnipotentem
1316 1682 1436 1761 aliatus,
1453 1688 1599 1762 precatur
1617 1702 1624 1745 :

724 1853 769 1905 Tu
782 1854 884 1906 sancte
890 1890 1198 1906 ..................

721 2033 833 2086 Delicta
844 2035 928 2098 terge
940 2032 1040 2088 livida.
1056 2028 1157 2100 (Cast.
1173 2036 1210 2098 ll,
1225 2031 1271 2102 72)

246 2257 249 2261 ,
352 2198 384 2253 et
403 2192 550 2255 continuo
571 2191 656 2254 addit
673 2190 780 2271 (versu
795 2193 845 2267 73)
861 2212 868 2254 :
892 2190 978 2255 «Seth
998 2197 1083 2254 cocta
1096 2189 1192 2253 Jacch
1211 2192 1324 2253 curata
1328 2238 1388 2253 .....
1401 2214 1430 2265 r,
1457 2191 1624 2273 Jacohique

352 2305 422 2354 cum
435 2290 546 2370 angelo
560 2306 694 2372 pugnam
708 2290 866 2354 describit.
884 2289 934 2354 Sic
948 2289 980 2352 in
995 2288 1083 2353 Cath.
1098 2287 1138 2352 ΙΙΙ
1153 2288 1238 2369 (aute
1253 2287 1369 2368 cibum)
1383 2311 1390 2354 :

634 2449 682 2515 Te,
696 2445 901 2512 pateroptime
907 2482 1179 2498 ................
1209 2519 1211 2522 ¹

632 2627 747 2695 Nostra,
761 2627 849 2694 Deus,
865 2627 951 2677 canet
963 2624 1129 2677 harmonia.

632 2715 715 2779 Quod
729 2716 804 2768 calet
816 2715 929 2768 halitus
943 2715 1075 2782 interior,

637 2843 768 2858 ........
787 2804 863 2868 quod
880 2841 1167 2873 ................,

632 2896 708 2947 Laus
722 2893 821 2958 superi
834 2892 929 2945 Patris
942 2895 1005 2946 esto
1017 2891 1103 2947 mihi.

630 2985 687 3036 Nos
699 2983 794 3048 igitur
805 2985 868 3047 tua,
883 2985 994 3050 sancte,
1008 2994 1117 3035 manus

629 3073 744 3137 Cespite
757 3071 921 3137 composuit
934 3071 1051 3124 madido
1065 3068 1167 3139 (Coit.
1182 3075 1232 3140 ΙΙΙ,
1248 3074 1294 3143 86,
1308 3072 1353 3142 90,
1366 3074 1411 3143 91,
1427 3070 1471 3143 95)

432 3234 571 3316 sequitur
587 3233 696 3296 adami
716 3236 747 3294 et
768 3233 841 3295 Erae
861 3231 1001 3304 historia,
1018 3247 1087 3311 quae
1101 3231 1185 3294 nullo
1210 3231 1346 3306 vinculo,
1371 3239 1485 3313 praeter
1510 3232 1616 3314 igitur,

348 3336 448 3398 tenori
462 3333 567 3414 hymni
587 3332 743 3410 jungitur;
761 3331 819 3393 hoc
834 3336 938 3394 autem
952 3330 1050 3410 ipittcr
1064 3330 1197 3394 maxime
1217 3331 1421 3411 improprium
1441 3330 1519 3395 mihi
1536 3331 1620 3395 vide·

346 3441 410 3512 tur,
425 3449 494 3496 cnm
506 3431 590 3495 nulla
606 3429 708 3494 situel
724 3430 830 3492 umhra
842 3429 1129 3508 argumentationis.

384 3533 471 3597 Unus
496 3531 631 3611 denique
647 3534 679 3591 et
700 3527 777 3591 alter
791 3526 924 3608 hymnus
945 3534 992 3590 est
1007 3527 1058 3590 uhi
1075 3526 1143 3591 sine
1158 3527 1308 3608 prooemio
1323 3527 1373 3592 vel
1387 3528 1452 3592 lere
1467 3529 1618 3610 prooemio

345 3631 430 3696 nullo
454 3629 590 3695 narratio
611 3626 731 3710 incipit.
753 3625 862 3689 Perist.
888 3626 924 3688 ΙΙΙ
949 3642 1156 3691 memoremus
1182 3633 1212 3690 et
1234 3627 1344 3692 Perist.
1367 3627 1432 3692 Vll.
1448 3627 1618 3693 Addendus

346 3731 455 3796 Perist.
468 3730 549 3810 xlv,
561 3727 649 3807 cujus
664 3732 711 3790 est
725 3725 847 3791 initium
864 3745 873 3788 ε

537 3888 636 3952 Agnes
649 3883 818 3949 sepulcrum
830 3884 876 3936 est
887 3883 1029 3935 Romulea
1041 3882 1073 3934 in
1086 3881 1182 3935 domo.

345 4096 405 4116 .....
420 4050 560 4133 sequitur
573 4047 708 4131 sepulcri
723 4046 900 4128 descriptio.
914 4049 984 4111 Post
999 4046 1104 4128 (versu
1120 4046 1168 4128 tt:
1204 4047 1348 4126 ‹Dtcplctc
1362 4063 1476 4109 curcua
1488 4053 1615 4128 estpro-

341 4153 416 4215 stt'tc
428 4150 562 4230 martyri
567 4173 581 4228 ;
595 4172 607 4204 ι
625 4147 771 4211 continuo
787 4145 893 4227 (versu
910 4145 978 4226 tm:
997 4146 1107 4209 «uiuet
1114 4145 1220 4226 jugati
1234 4145 1289 4207 cicc
1305 4143 1437 4209 habilem
1451 4154 1516 4209 toro
1521 4193 1582 4211 .....
1596 4170 1607 4204 ι

341 4249 542 4332 sequiturque
558 4247 686 4327 virginis
701 4245 839 4308 historia.

380 4349 537 4424 Quomodo
559 4339 663 4410 autem
690 4345 823 4409 narratio
848 4344 964 4424 hymno
992 4343 1107 4406 inserta
1143 4343 1290 4407 clausulae
1312 4343 1462 4423 jungatur
1488 4345 1514 4406 si
1537 4343 1614 4407 reiis

339 4446 723 4528 exquirereeamdemiare
734 4445 886 4507 rationem
898 4459 965 4506 esse
975 4443 1073 4522 palam
1082 4441 1152 4506 erit.
1165 4443 1221 4505 Est
1231 4459 1455 4522 nonnunquam
1468 4443 1615 4505 transitus

339 4546 391 4627 qui
406 4546 506 4610 visum
521 4561 631 4626 parum
645 4549 797 4607 attentum
818 4542 935 4620 elingit,
951 4541 991 4603 ita
1015 4547 1048 4604 ut
1068 4541 1219 4618 gradatim
1234 4547 1266 4603 et
1287 4541 1380 4604 tacite
1402 4557 1419 4603 e
1435 4541 1613 4604 narratione

337 4647 376 4710 ad
391 4645 559 4710 clausulam
572 4644 670 4706 lector
685 4643 867 4704 adducatur.
883 4639 932 4703 Sic
947 4640 979 4702 in
996 4640 1105 4702 Perist.
1122 4640 1160 4718 ll,
1177 4640 1227 4716 ΙΙΙ,
1243 4639 1295 4717 ΙΙΙ,
1311 4639 1378 4717 llll,
1394 4639 1484 4702 Ceth.
1501 4639 1551 4701 ΙΙΙ.
1566 4637 1614 4700 ΙΙΙ

338 4752 373 4808 ut
386 4745 521 4809 clausula
536 4743 602 4823 ipsa
617 4741 772 4804 narrativa
787 4740 826 4802 sit
841 4746 875 4803 ut
890 4728 1044 4803 in'Perist.
1058 4740 1110 4802 lx.
1125 4736 1283 4800 interdum
1298 4738 1434 4802 clausula
1451 4736 1616 4801 adducitur

337 4858 394 4924 per
409 4841 570 4907 transitum
584 4841 683 4922 perite
698 4838 901 4919 compositum
916 4837 1013 4918 etqui
1028 4837 1186 4901 rhetorem
1200 4833 1361 4914 paululum
1380 4836 1489 4916 sapiat.
1507 4833 1556 4900 Sic
1576 4835 1610 4900 in
