3640 5670
883 489 1042 552 „yp-

325 605 456 684 virginis
479 603 730 678 recrudescente,
755 603 846 666 lictor
870 611 1009 668 vocator.
1034 606 1147 684 Agnes,
1163 607 1310 686 martyrio
1331 606 1454 670 inhians
1475 615 1507 671 el
1526 613 1595 672 vota

327 705 492 769 edundens
518 703 699 766 trucidatur.
727 703 861 766 Gloriam
882 702 1010 782 virginis
1038 711 1127 784 poeta
1154 705 1315 786 splendide
1346 707 1438 784 canit,
1468 724 1597 788 eamque

327 807 473 870 obsecrat
486 809 520 866 ut
534 801 727 878 modalibus,
743 807 905 882 poctaeque
918 802 976 882 ipsi
991 802 1032 866 sit
1045 803 1187 884 propitia.

366 903 415 983 (u)
440 902 616 982 Temperati
640 907 670 964 et
692 900 812 963 remissi
834 902 998 985 sermonis,
1015 909 1154 966 venustae
1176 889 1418 984 compositionis,
1430 905 1598 983 figurarum

329 1002 553 1083 exquisitarum
581 1017 645 1064 non
674 999 741 1062 sine
759 999 919 1064 munditiis
941 1000 1124 1081 quibusdam
1143 1003 1316 1084 exemplum
1342 1009 1390 1066 est
1408 1004 1448 1068 lll
1470 1003 1599 1068 Periste·
1677 1000 1681 1013 '

328 1102 454 1182 phanon
472 1100 524 1182 qui
539 1105 586 1164 est
599 1100 632 1161 t'o
648 1099 792 1162 bonorem
805 1100 900 1161 decem
922 1106 950 1161 et
968 1107 1032 1162 octo
1052 1107 1226 1180 martyrum
1245 1101 1596 1183 Coesorooqostooorum.

328 1202 384 1265 llic
400 1207 486 1264 sueta
507 1198 585 1263 ratio
606 1215 622 1261 a
641 1197 809 1261 Prudentio
830 1197 984 1261 deseritur
1003 1214 1062 1279 qua
1082 1200 1217 1263 narratio
1236 1201 1384 1280 producta
1406 1202 1500 1264 breve
1518 1202 1600 1265 inter

207 1335 211 1344 -
328 1299 516 1380 prooemium
548 1302 580 1360 et
606 1296 732 1359 brevem
760 1295 928 1360 clausulam
952 1296 1180 1361 includebatur.
1206 1298 1321 1362 Pictam
1349 1299 1435 1380 quasi
1465 1300 1599 1363 tabulam

328 1400 462 1479 hymnus
490 1396 590 1459 omnis
612 1395 731 1474 effingit
750 1395 781 1457 in
809 1413 867 1476 qua
888 1412 996 1459 omues
1016 1396 1081 1459 sive
1102 1396 1214 1461 Alricae
1239 1397 1304 1460 sive
1332 1398 1488 1480 Hispaniae
1507 1399 1600 1462 urbes

327 1505 497 1577 martyrum
514 1511 643 1575 quaeque
658 1511 783 1558 suorum
799 1511 866 1557 ossa
883 1495 1008 1574 prefert
1028 1495 1059 1557 in
1076 1494 1217 1558 canistris
1232 1498 1411 1577 composita,
1428 1514 1498 1560 cum
1518 1499 1600 1561 Deus

326 1597 365 1661 ad
380 1595 488 1660 mundi
503 1595 599 1656 finem
612 1619 624 1647 ι
639 1591 716 1657 oobe
728 1591 876 1657 subicimus
890 1592 1035 1658 rubente»
1052 1594 1274 1673 supereminet.
1288 1594 1388 1658 Africa
1401 1595 1599 1676 cyprianum,

326 1697 459 1758 Tarraco
474 1695 690 1769 Fructuosum,
707 1692 851 1755 Gerunda
867 1691 1000 1755 Felicem
1017 1699 1161 1770 ostentat,
1177 1693 1351 1773 Calagurris
1366 1695 1557 1758 Emeterium
1570 1702 1602 1756 et

327 1793 556 1858 Chelidonium.
573 1792 803 1869 Caesaraugusta
819 1791 926 1854 decem
948 1797 979 1854 et
998 1797 1067 1855 octo
1086 1792 1271 1873 martyribus
1286 1793 1447 1871 gloriatur.
1464 1792 1601 1872 Singilla-

328 1893 383 1956 tim
398 1891 600 1956 vincentium
620 1889 763 1953 laudibus
785 1896 875 1952 ornat
896 1897 999 1970 poeta,
1015 1890 1164 1970 peculiari
1184 1897 1215 1954 et
1235 1891 1391 1971 praeconio
1406 1892 1602 1972 prosequitur

328 1991 528 2056 Eucratidem
549 1989 714 2069 virginem.
737 1989 864 2052 Ceteros
886 1989 998 2069 raptim
1019 1996 1192 2064 enumerat,
1209 1997 1340 2068 quatuor
1357 1997 1461 2053 lamen
1484 1990 1603 2054 omissis

330 2090 508 2155 nominibus
532 2095 700 2151 «reboante
721 2094 860 2151 metro».
877 2088 938 2151 Sed
957 2088 1096 2166 angelus,
1112 2105 1215 2152 coram
1238 2090 1329 2152 Patre
1349 2095 1380 2150 et
1395 2088 1471 2151 Pilio
1493 2089 1550 2152 bos
1571 2090 1601 2152 in

330 2191 432 2253 lucem
448 2188 586 2268 proferet
608 2212 618 2243 ι
633 2185 719 2250 orbis
732 2187 824 2248 oculos
839 2187 971 2267 reqtmeo
986 2194 1114 2250 tenentes
1126 2189 1199 2265 jrrrc
1213 2188 1343 2268 sepulcri
1353 2211 1364 2244 1
1376 2235 1383 2250 .
1397 2188 1482 2250 luler
1496 2188 1603 2250 decem

330 2296 361 2351 et
373 2296 441 2350 octo
452 2293 605 2366 martyres
618 2286 678 2350 duo
689 2285 781 2347 morti
793 2302 855 2347 non
871 2286 1095 2359 occubuerunt,
1112 2285 1285 2366 dequibus,
1298 2287 1516 2350 noninornate
1531 2287 1602 2350 Pru·

331 2387 456 2450 dentius
473 2407 480 2449 :
506 2383 627 2449 «Ambo
643 2391 807 2465 gustarunt
821 2385 926 2447 leviter
939 2402 1075 2464 soporem
1094 2385 1343 2463 Morlgrloromt
1366 2385 1463 2466 (187).

371 2487 399 2549 ls
425 2493 473 2549 est
498 2485 632 2566 hymnus
661 2484 713 2563 qui
738 2483 874 2546 studium
900 2488 931 2546 et
955 2483 1191 2546 admirationem
1215 2490 1351 2561 moveat,
1381 2501 1451 2548 cum
1482 2485 1602 2564 figurati

330 2584 475 2650 carminis
490 2593 531 2661 et,
548 2588 583 2646 ut
595 2597 696 2661 graece
711 2580 836 2659 dicitur,
854 2582 1034 2660 copeolrxoe,
1051 2598 1113 2645 noo
1130 2588 1232 2645 tamen
1254 2581 1363 2661 frigide
1383 2583 1534 2663 expressi,
1550 2583 1603 2646 sed

329 2684 423 2748 vividi
440 2689 471 2745 et
485 2681 632 2762 spirantis
647 2680 781 2760 speciem
796 2681 859 2742 del.

372 2781 422 2864 (Ε)
437 2780 585 2847 variandi
602 2795 691 2843 causa
708 2779 882 2854 materiem,
898 2779 1035 2858 epistotae
1050 2780 1106 2842 sub
1125 2779 1228 2859 specie
1243 2780 1428 2844 Prudentius
1447 2781 1488 2844 lll
1510 2781 1603 2844 edidit

331 2881 589 2961 peristephanon,
612 2895 682 2941 cum
703 2878 918 2940 Beatissimom
935 2877 1130 2958 Hippolytum
1145 2879 1290 2958 episcopo
1311 2878 1501 2958 hispaniensi
1519 2879 1604 2944 Vale·

333 2983 421 3044 riano
438 2978 681 3042 commendaret.
699 2977 777 3039 Fere
798 2983 879 3040 lotus
902 2976 1035 3056 hymnus
1055 2976 1190 3040 narratio
1212 2983 1268 3040 est.
1290 2979 1443 3058 Hippolyti
1465 2979 1559 3057 gestis
1574 2985 1604 3041 et

330 3088 434 3144 morte
455 3077 628 3160 descriptis,
656 3077 694 3140 ad
715 3076 914 3141 Valerianum
947 3076 1116 3138 revertitur
1141 3075 1327 3140 Prudentius
1348 3083 1382 3140 ut
1406 3076 1601 3159 Hippolytum

331 3180 407 3243 uelit
433 3196 489 3241 suo
518 3177 578 3252 die,
602 3176 720 3239 scilicet
748 3175 849 3238 idibus
877 3174 1006 3254 Augusti
1028 3175 1154 3252 mensis,
1179 3175 1261 3237 inter
1282 3175 1436 3238 solemnes
1460 3174 1603 3257 Cypriani

331 3276 521 3356 Eulaliaeque
537 3275 602 3337 dies
620 3275 678 3337 rite
693 3272 850 3337 celebrare
867 3274 1070 3356 hispanorum
1090 3273 1119 3335 in
1141 3272 1292 3336 ecclesiis.
1313 3273 1404 3351 Acer,
1420 3273 1602 3352 rebemens,

331 3375 442 3438 vividis
463 3374 574 3436 eximia
597 3373 750 3435 coloribus
771 3371 908 3434 narratio
930 3379 986 3434 est.
1002 3373 1108 3434 lussus
1131 3372 1209 3435 Deos
1231 3371 1344 3446 colere,
1365 3378 1528 3452 postquam
1551 3389 1604 3436 ore

334 3473 509 3536 contumaci
528 3470 710 3551 Hippolytus
728 3471 843 3546 renuit,
865 3470 1015 3550 supplicio
1034 3471 1189 3534 laceratur
1211 3487 1271 3550 quo
1291 3472 1412 3546 Helius,
1429 3488 1502 3550 rege
1516 3471 1604 3535 'lullo

332 3573 474 3650 Hostilio,
490 3569 645 3634 occubuit.
660 3569 880 3649 Descriptionis
901 3571 1063 3633 materiem
1083 3569 1301 3649 amplissimam
1321 3587 1382 3633 non
1399 3574 1518 3650 spernit
1531 3573 1605 3634 Pro-

333 3671 468 3747 dentius,
485 3667 593 3748 arripit
612 3667 725 3747 potius,
747 3673 778 3728 et
798 3666 867 3746 plus
887 3684 975 3747 aequo
995 3668 1096 3730 lorsan
1113 3667 1141 3729 ei
1163 3667 1312 3749 indulget.
1329 3668 1432 3731 Altera
1453 3671 1603 3748 sequitur,

332 3769 453 3832 scilicet
472 3769 511 3832 de
532 3766 780 3830 catacumbarum
801 3765 938 3828 latebris.
955 3766 1023 3827 Non
1044 3782 1170 3845 possum
1191 3764 1266 3829 satis
1286 3766 1430 3830 admirari
1447 3767 1527 3831 banc
1541 3785 1605 3831 car·
1626 3841 1628 3847 y

333 3868 425 3931 minis
437 3873 569 3947 partem,
582 3865 639 3926 nec
651 3880 775 3943 possum
787 3879 849 3926 non
863 3864 944 3943 quod
958 3864 1022 3942 jam
1037 3864 1098 3926 dixi
1114 3865 1227 3927 iterum
1243 3864 1348 3928 dicere
1366 3872 1400 3929 ut
1419 3866 1605 3930 Prudentius

332 3967 446 4040 acrior,
463 3963 690 4040 vehementior,
702 3962 835 4041 gravior,
849 3962 978 4043 amplior
992 3963 1094 4025 statim
1110 3970 1268 4043 appareat,
1285 3979 1353 4027 cum
1370 3963 1408 4027 de
1423 3972 1558 4044 spectata
1572 3983 1606 4028 re

334 4072 365 4128 et
384 4063 579 4144 aliquatenus
604 4061 727 4140 propria
749 4062 893 4125 materies
917 4068 974 4140 est,
991 4071 1023 4125 el
1045 4063 1131 4142 quasi
1153 4062 1191 4125 de
1213 4062 1298 4127 lonte
1320 4063 1455 4141 genuino
1478 4081 1604 4128 carmen

333 4169 448 4226 manat.

374 4262 423 4342 (P)
440 4259 614 4338 Frigidulus
629 4257 705 4320 mibi
720 4257 853 4337 vivetur,
871 4259 925 4320 etsi
942 4258 1090 4337 gravitate
1102 4265 1134 4321 et
1144 4259 1316 4339 granditate
1331 4259 1462 4324 eximius
1473 4261 1606 4343 hymnos

334 4359 373 4423 de
394 4360 544 4438 Cypriane
561 4357 611 4437 qui
627 4357 693 4419 Xlll
708 4357 899 4420 inscribitur.
918 4357 1062 4438 Cypriani
1078 4357 1210 4436 primum
1229 4358 1416 4439 eloquentia,
1434 4361 1605 4441 ingenium,

343 4475 466 4521 «sermo
482 4455 677 4520 umbrosius»
699 4455 879 4532 laudantur3
895 4463 973 4534 post,
990 4473 1086 4537 pauca
1103 4457 1325 4535 deiuvenlute,
1339 4460 1433 4522 multa
1446 4460 1485 4524 de
1496 4467 1604 4539 morte,

334 4573 443 4638 pauca,
459 4556 514 4618 sed
531 4553 630 4634 ampla
647 4566 678 4615 et
692 4554 851 4633 magnilica
869 4553 984 4634 (96...),
999 4554 1037 4618 de
1052 4555 1146 4633 gloria
1164 4558 1261 4619 sancti
1277 4559 1433 4637 martyris.

374 4653 422 4734 (G)
439 4653 516 4717 Sunt
532 4651 595 4732 qui,
611 4652 665 4714 llll
681 4651 939 4730 Peristepbaoon,
957 4652 994 4714 de
1008 4654 1098 4715 Petro
1114 4662 1142 4716 ct
1157 4654 1264 4729 Panlo,
1283 4654 1434 4733 legentes,
1457 4680 1468 4711 ‹
1484 4656 1606 4720 laudem

334 4755 365 4815 in
390 4751 510 4832 maguis
542 4751 718 4814 nominibus
747 4750 927 4828 languere»
955 4749 1165 4815 meminerint.
1187 4753 1254 4816 Non
1283 4753 1410 4818 omnino
1440 4754 1605 4818 immerito.

334 4841 467 4932 [tignum
495 4859 599 4915 tamen
628 4850 686 4913 boc
715 4865 840 4914 carmen
872 4855 919 4912 est
953 4851 1034 4931 quod
1065 4851 1186 4916 curiose
1220 4852 1462 4933 introspiciatur.
1493 4853 1606 4918 Credas
