3640 5670
783 494 963 557 -Ial-

240 615 384 674 constans
397 609 520 690 gracilis
533 609 627 674 habet
640 609 759 689 aliquid
773 618 804 674 et
816 610 1007 675 subsilientis
1022 613 1106 691 quod
1128 629 1191 676 non
1207 581 1387 696 martyrium
1407 617 1506 682 decet.

238 707 307 772 Tibi
321 707 556 787 dijudicandum
569 709 677 774 trado:
692 709 738 772 sie
751 725 861 790 poema
876 709 1093 775 concluditur:

608 846 748 911 Orantem
759 856 851 910 simul
863 856 977 910 halitus

608 947 646 998 Et
658 955 715 999 tox
728 945 837 998 deserit
850 949 879 999 et
892 946 981 1014 calor;

609 1034 730 1089 scandit
742 1035 866 1101 spiritus
879 1035 986 1089 ardua:

608 1125 655 1178 Fit
666 1124 782 1190 pondua
796 1137 886 1190 grave
898 1137 1035 1192 saxeum
1116 1113 1119 1122 '

606 1215 718 1280 corpus
730 1215 900 1280 suscipiunt
911 1227 997 1282 aquea
1009 1211 1133 1284 (Perdat.
1150 1218 1214 1288 vn,
1227 1215 1274 1287 86)
1291 1223 1296 1242 ‘

276 1355 383 1419 Perisl.
403 1355 466 1419 IIIII
486 1355 550 1418 iere
571 1354 655 1419 solus
669 1361 714 1418 est
728 1372 767 1419 er
781 1354 904 1436 hymnis
930 1353 1008 1436 (sive
1031 1356 1276 1423 Cathemerinon
1302 1359 1367 1424 sive
1382 1360 1512 1425 Periste-

234 1454 375 1535 phanon)
392 1453 445 1534 qui
461 1471 524 1518 non
544 1451 852 1535 strophas,1disticha
872 1453 994 1533 saltem,
1016 1451 1174 1521 exhibeat.
1194 1458 1326 1522 ltletrum
1342 1467 1387 1522 est
1402 1459 1511 1523 Archi-

234 1551 356 1616 locbius
369 1553 468 1633 maior
481 1556 554 1616 adca
570 1555 676 1634 στίχον.
692 1552 840 1617 Sedatum
855 1558 901 1615 est
924 1553 984 1616 hoc
1002 1559 1137 1618 metrum
1156 1562 1187 1618 et
1207 1555 1276 1620 sine
1298 1556 1427 1638 impetu,
1446 1574 1510 1622 non

235 1650 340 1732 inepte
359 1652 411 1715 hin
433 1658 614 1732 usurpatum
636 1666 707 1716 cum
728 1650 830 1732 potins
851 1650 995 1732 Cypriani
1018 1652 1150 1732 gloriam
1168 1653 1228 1717 sibi
1251 1655 1423 1719 canendam
1438 1673 1509 1737 pro-

234 1749 472 1872 posueritpocta
483 1765 577 1830 quam
591 1749 779 1831 supplicium
789 1748 1012 1830 dolendum,et
1024 1757 1124 1816 totum
1138 1768 1247 1834 poema
1264 1754 1302 1818 ad
1317 1753 1511 1819 narrativum

235 1855 266 1911 et
280 1852 473 1935 παραινετικὸν
487 1866 585 1930 genus
599 1847 755 1930 pertinet:

428 1997 512 2050 Unus
525 1996 609 2048 erat
598 2007 744 2060 Juvenum
758 1994 950 2049 doctissimus
963 1995 1079 2048 artibus
1092 1995 1234 2068 sinistris,

429 2084 541 2137 Fraude
553 2084 727 2149 pudicitiam
741 2083 931 2153 perfringere,
948 2084 991 2136 nil
1003 2096 1122 2138 sacrum
1135 2088 1251 2148 putare:

426 2175 507 2239 saepe
518 2174 608 2228 etiam
621 2173 773 2239 magicum
785 2175 937 2226 certamen
951 2172 1026 2226 inire
1038 2185 1090 2238 per
1104 2175 1247 2243 sepulcra,

425 2391 531 2443 Desine
544 2390 612 2442 llere
625 2389 737 2441 bonum
752 2355 881 2456 tantum,
895 2391 978 2441 tenet
992 2388 1042 2442 ille
1055 2401 1147 2455 regna
1160 2389 1237 2458 coeh,

427 2480 483 2532 Nee
495 2479 597 2532 minus
611 2478 748 2559 involitat
760 2478 859 2546 terris,
873 2489 927 2531 nec
940 2478 976 2530 ab
989 2477 1044 2530 hoc
1058 2477 1167 2531 recedit
1180 2479 1260 2548 orbe,

425 2568 558 2636 nissen-lt,
575 2568 734 2633 eloquitur,
747 2569 867 2634 tractat,
882 2565 966 2620 docet
968 2605 1151 2622 ...........
1170 2563 1293 2636 (Parist.
1311 2571 1388 2640 XIII,
1404 2571 1447 2638 19,
1462 2566 1506 2638 99)

269 2707 506 2788 Alterhymmus
519 2711 592 2768 κάτα
607 2708 700 2788 στίχον
715 2710 762 2768 est
772 2703 1036 2785 Agnetisrirginis
1047 2704 1150 2769 Passio
1164 2703 1284 2782 (Perist.
1297 2705 1376 2788 xlv)
1388 2705 1506 2771 hlcaici

229 2804 479 2885 hendecasyllabi
505 2803 647 2868 continui
667 2810 750 2879 sunt,
771 2820 835 2866 non
859 2803 929 2866 sine
950 2802 1067 2884 lepore,
1090 2803 1212 2867 nonita
1234 2810 1339 2868 tamen
1355 2812 1388 2868 ut
1404 2804 1505 2870 dicam

229 2903 351 2968 nullum
366 2904 459 2968 luisse
474 2903 558 2967 aliud
571 2909 705 2966 metrum
720 2902 804 2982 qarod
818 2908 921 2983 posset
935 2901 981 2964 rei
999 2901 1180 2966 convenire

267 3005 369 3067 Restm
384 3002 576 3065 liittochaeon
592 3002 675 3081 quod
697 3018 735 3063 ex
750 2999 938 3063 tetrastichIs
958 3007 1088 3063 constat
1112 3001 1225 3080 Opinio
1245 3009 1291 3065 est
1309 3002 1433 3082 vulgata
1448 3004 1504 3066 has

203 3171 204 3174 Ἴ
225 3103 366 3183 strophas
380 3100 494 3165 tabulis
508 3099 597 3181 pictIs
613 3099 779 3163 adhaesisse
794 3106 927 3178 quarum
951 3100 1038 3179 quasi
1055 3105 1236 3178 argumenta
1258 3117 1292 3163 er
1294 3106 1357 3164 ant
1374 3099 1502 3174 Quodsi

224 3217 346 3280 verum,
361 3218 424 3265 non
439 3200 524 3264 aliud
540 3205 629 3262 erant
642 3198 703 3260 nisi
719 3197 939 3278 epigrammata
955 3197 993 3260 ad
1008 3197 1129 3262 Damasi
1145 3199 1305 3280 exemplar
1318 3198 1499 3280 composita.

224 3299 281 3373 Qui
296 3300 480 3380 plerumque
496 3297 664 3362 tetrastichi
680 3297 811 3360 formam
827 3295 993 3360 affectavit.

263 3397 348 3461 Nihil
367 3399 468 3461 dicam
490 3398 528 3461 de
549 3395 698 3475 utrinque
720 3395 866 3457 extremis
889 3393 1091 3458 Prudentiani
1108 3395 1210 3476 operis
1228 3396 1379 3476 partibus,
1394 3397 1500 3479 praela·

223 3497 308 3560 tione
332 3496 478 3560 universa
503 3501 533 3558 et
557 3494 691 3575 epilogo,
718 3492 771 3572 qui
799 3493 946 3556 videntur
972 3492 1057 3556 lusus
1077 3509 1142 3556 esse
1165 3494 1285 3557 metrici
1310 3511 1373 3558 non
1395 3495 1500 3575 magni

222 3595 380 3676 ponderis.
393 3594 533 3658 Praelatio
547 3593 694 3657 universa
709 3591 850 3672 strophas
869 3591 963 3654 babet
978 3609 1016 3654 ex
1036 3593 1134 3656 ternis
1148 3591 1291 3656 versibus
1311 3600 1499 3672 constantes,

224 3710 358 3773 quornm
372 3693 490 3774 primus
504 3691 683 3772 glyconimrs
693 3699 750 3769 est,
766 3689 922 3754 secundus
934 3690 1146 3772 asclepiadeus
1156 3691 1273 3770 minor,
1287 3691 1395 3755 terIIus
1407 3692 1501 3757 ascle-

223 3792 352 3872 piadeus
377 3792 486 3870 major.
515 3789 680 3852 Neminem
707 3788 786 3867 sugit
805 3788 1036 3868 asclepiadeum
1063 3795 1095 3849 et
1123 3787 1322 3868 glyconicum
1343 3789 1499 3854 socialiter

224 3891 370 3970 conjungi
391 3890 478 3970 (Hor.
500 3889 600 3952 Garun.
622 3888 646 3958 I,
662 3887 692 3966 6,
712 3889 760 3964 lb,
783 3889 833 3962 21,
857 3886 908 3964 33,
931 3885 966 3961 ΙΙ,
987 3887 1035 3964 It,
1052 3885 1100 3962 III,
1120 3887 1168 3964 10,
1198 3887 1248 3963 16;
1264 3887 1316 3952 lll.
1339 3887 1410 3968 3...)
1427 3889 1499 3951 Pru-

224 3987 348 4053 dentius
367 3988 571 4051 lloraIIanum
594 3993 725 4066 systema
744 3983 881 4047 obtinuit
900 4000 962 4063 quo
983 3982 1204 4067 Asclepiadeos
1220 3985 1322 4048 minor
1337 3985 1499 4066 glyconico

224 4087 387 4165 subjicitur
402 4106 409 4148 ε
433 4110 444 4143 ι
458 4086 508 4149 St'c
521 4094 549 4148 te
558 4086 638 4148 Dico
648 4091 754 4165 potens
769 4083 864 4164 cypri,
882 4082 931 4146 Sic
943 4083 1059 4162 [ratres
1070 4083 1199 4162 Helenae,
1212 4084 1316 4147 lucida
1330 4085 1442 4148 11111111.
1451 4109 1494 4147 .,»

226 4185 339 4266 (Germ.
352 4186 374 4258 I,
388 4185 431 4260 3);
447 4191 526 4266 post,
539 4182 785 4247 choriambicum
796 4181 884 4262 quasi
896 4189 1017 4246 motum
1029 4189 1167 4262 secutus,
1180 4182 1293 4246 minori
1306 4182 1501 4264 asclepiadeo

224 4284 375 4363 moyerem
389 4283 626 4365 supperaddidit

523 4413 577 4465 Per
589 4401 793 4478 quinquennia
804 4412 865 4476 jam
878 4413 978 4464 decem

472 4503 508 4555 Ni
519 4502 604 4556 fallor
616 4501 729 4554 fuimus
741 4523 747 4552 ι
760 4501 905 4565 septimus
920 4500 1043 4564 insuper

419 4595 540 4646 Annum
552 4591 637 4646 cardo
650 4594 735 4658 rotat,
750 4591 823 4643 dum
836 4589 965 4642 fruimur
977 4590 1037 4642 sole
1052 4589 1175 4642 volubIIi
1190 4585 1299 4659 (Praef.
1317 4586 1465 4660 universa)

263 4734 385 4817 Epilogi
399 4734 477 4797 nihil
493 4734 578 4798 aliud
594 4742 639 4795 est
654 4737 788 4796 metrum
802 4729 862 4792 nisi
877 4729 1081 4794 horatianum
1097 4731 1181 4810 quod
1197 4729 1314 4792 dieitur
1328 4729 1499 4810 hipponae-

226 4842 320 4907 teum,
346 4851 384 4896 ex
408 4833 560 4897 trochaico
587 4831 717 4896 dimetro
743 4828 922 4894 catalectico
946 4835 976 4891 et
1002 4828 1133 4892 iambico
1154 4827 1293 4892 trimetro
1316 4829 1495 4893 catalectico
