3592 5668
741 513 778 524 ..
800 477 837 542 {3
858 511 897 527 .-

223 595 334 658 Pert'at.
351 591 400 671 lv,
417 591 456 658 97
473 616 480 657 :

395 745 506 803 Noster
520 753 575 818 est,
590 749 725 815 quamvis
739 750 840 814 procul
854 745 924 803 hine
937 741 969 802 in
983 749 1054 802 urbe

397 839 504 891 Passus
518 838 620 904 ignota
631 837 743 892 dederit
754 838 882 904 sepulcri

397 927 527 980 Gloriam
532 965 610 980 .....
612 960 614 965 -
621 962 930 983 ..................

223 1093 305 1168 Quid
320 1097 445 1158 antemi
459 1104 596 1159 nostram
616 1111 743 1175 quoque
763 1097 970 1160 Tarraconem
993 1095 1134 1158 nominat
1152 1094 1276 1174 (Portet.
1292 1095 1341 1173 Vl,
1360 1095 1450 1177 113);

395 1285 538 1350 Otriplex
551 1285 653 1350 honor,
668 1297 685 1338 o
698 1283 831 1339 triforme
843 1285 971 1362 eulmen,

396 1375 459 1438 Quo
473 1377 581 1428 nostrae
595 1377 684 1440 eaput
696 1374 843 1427 excitatur
854 1373 937 1428 urbis

396 1463 518 1516 cunetis
532 1463 656 1516 urbibus
668 1461 802 1522 eminens
814 1461 944 1516 Hiberis!

184 1636 281 1698 quam
296 1621 406 1684 urbem
421 1621 515 1684 tuisse
530 1621 737 1684 Tarraconem
752 1634 790 1683 er
805 1620 891 1684 omni
906 1626 1052 1685 contextu
1067 1620 1176 1699 liquet.

224 1718 371 1782 Nostram
384 1725 415 1781 et
430 1719 622 1798 Calagurrim
637 1734 701 1781 non
714 1719 810 1782 semel
825 1717 968 1799 appellat,
985 1717 1103 1781 scilicet
1117 1719 1227 1782 Perist.
1245 1717 1267 1794 1,
1286 1717 1363 1783 tta:

396 1911 456 1962 Hoc
468 1909 580 1962 bonum
592 1909 725 1964 Salvator
738 1910 810 1975 ipse,
825 1922 883 1976 quo
895 1908 1041 1977 fruamur,
1055 1910 1196 1976 praestitit

395 1999 558 2064 Martyrum
571 2010 639 2051 cum
650 1999 783 2054 membra
795 1996 897 2052 nostro
909 1998 1091 2053 consecravit
1101 1998 1239 2065 oppido...

185 2190 259 2236 cum
288 2173 326 2237 de
349 2172 463 2236 sanctis
491 2173 677 2252 martyribus
702 2172 842 2251 loquitur
866 2173 1021 2237 Emeterio
1046 2180 1077 2236 et
1102 2174 1286 2240 Chelidonio
1313 2174 1452 2255 calagur-

186 2270 312 2349 ritanis3
348 2277 381 2334 et
412 2270 525 2333 Perist.
556 2271 605 2347 IV,
636 2266 685 2346 at,
723 2287 794 2334 cum
828 2271 992 2347 exclamat,
1021 2271 1060 2336 de
1092 2272 1278 2352 martyribus
1315 2273 1453 2355 hispanis

185 2370 331 2432 locutus:

484 2511 601 2574 Nostra
614 2515 743 2580 gestabit
755 2515 924 2580 calagurris
937 2515 1038 2569 ambos

604 2605 683 2667 Quos
696 2616 881 2658 veneramur.

226 2781 371 2843 Nostram
386 2787 417 2842 et
437 2805 449 2837 ι
464 2780 698 2862 Rempublicam
712 2782 818 2844 Romae
833 2803 845 2838 r
867 2779 914 2859 (C.
930 2780 960 2844 S.
977 2782 1000 2851 1.
1017 2781 1068 2859 36)
1083 2789 1220 2844 nostram
1233 2781 1384 2862 populum
1398 2783 1452 2861 qui

185 2879 292 2943 Romae
314 2877 432 2942 habitat
452 2880 497 2958 (C.
514 2879 544 2941 S.
561 2881 583 2952 1,
602 2879 671 2956 192)
691 2883 862 2958 nuncupat,
884 2879 968 2942 unde
989 2879 1107 2942 bressel
1137 2885 1223 2959 putat
1250 2879 1451 2943 Prudentem
1522 2882 1524 2888 ’

182 2981 320 3039 nostram
334 2993 507 3059 pronomen
522 2976 717 3055 usurpavisse
732 2976 853 3055 quoties
866 2976 933 3040 sive
954 2975 1116 3058 Hispanos,
1129 2977 1195 3040 sive
1216 2976 1329 3041 Christi
1345 2978 1450 3041 fideles

183 3075 386 3155 significabat.

224 3172 255 3236 st
269 3171 346 3235 velis
360 3178 475 3246 tamen,
492 3172 567 3234 buic
581 3170 758 3251 pronomini
774 3172 917 3251 confisus,
934 3171 992 3233 niti
1007 3173 1114 3234 fictum
1134 3194 1147 3229 a
1162 3179 1322 3234 nostram)
1344 3188 1361 3235 a
1375 3188 1451 3235 vero

182 3287 356 3344 secernere,
387 3270 522 3349 primum
555 3269 612 3335 ‚tibi
640 3269 772 3332 Tarraco
805 3268 994 3332 removenda
1022 3275 1077 3332 est.
1111 3269 1276 3347 Postquam
1304 3271 1389 3332 enim
1417 3269 1450 3333 in

182 3367 322 3431 carmine
342 3365 426 3445 quod
447 3383 539 3445 supra
562 3365 873 3429 commemoravimus
888 3367 1012 3446 (Parioi.
1029 3366 1080 3446 Vl)
1094 3374 1232 3430 nestram
1245 3367 1451 3429 Tarraconem

183 3465 262 3527 dixit
287 3463 330 3542 (v.
358 3463 439 3544 lta),
467 3463 560 3544 paule
584 3463 715 3528 inferius
741 3462 783 3542 (v.
810 3463 880 3542 150)
907 3465 1152 3528 Tarraconenses
1179 3462 1332 3526 allocutus
1356 3463 1449 3545 ipsos,

182 3561 292 3624 addit:

464 3681 603 3733 Vestrum
615 3680 732 3744 psallito
745 3681 950 3733 Fructuosnm.

183 3827 409 3882 pannosarum.

222 3918 325 3980 Restat
339 3903 421 3978 inter
434 3917 699 3994 Caesaraugustam
714 3921 745 3978 el
759 3916 953 3996 Calagurrim
973 3909 1139 3980 contentio.
1157 3913 1295 3990 Quarum
1310 3917 1447 3990 urbium,

179 4027 254 4076 cum
269 4015 415 4091 equidem
434 4015 514 4076 banc
533 4014 619 4075 litem
636 4028 759 4093 semper
777 4013 834 4076 sub
850 4014 956 4092 jndice
975 4031 1153 4078 mansuram
1172 4015 1356 4089 existimem,
1376 4015 1451 4078 huic

181 4119 286 4176 tamen
309 4111 474 4192 paululum
494 4112 598 4174 favere
623 4112 733 4174 ausim.
751 4111 928 4175 Notandum
949 4120 994 4176 est
1017 4113 1102 4175 enim
1121 4112 1243 4176 duobus
1263 4114 1450 4192 martyribus

179 4210 424 4289 Calagurritanis
452 4210 490 4272 de
517 4210 631 4288 quibus
656 4211 689 4273 in
715 4210 815 4290 primo
836 4211 1076 4291 Peristepbanen
1094 4212 1211 4274 mentio
1231 4215 1286 4285 est,
1311 4211 1449 4274 obscuris

180 4310 273 4388 plane
302 4309 389 4371 iactis
414 4314 444 4371 et
471 4310 563 4384 tama,
586 4309 714 4372 bonaris
739 4309 827 4387 quad
851 4310 956 4372 sedem
974 4310 1158 4388 assignatam
1181 4323 1256 4384 esse,
1276 4325 1391 4388 eosque
1416 4308 1449 4372 in

181 4405 281 4486 prima
300 4408 386 4470 velut
405 4408 470 4470 acie
489 4411 659 4486 martyrum
674 4407 854 4486 praepositos
869 4407 1072 4485 luisse3adde
1091 4407 1193 4487 quarti
1215 4407 1322 4470 Perist.
1344 4407 1449 4470 locum

181 4504 212 4564 in
235 4520 297 4581 quo
317 4503 378 4578 hic,
400 4504 437 4567 de
458 4521 521 4583 quo
541 4503 652 4582 agitur,
679 4511 834 4566 ‹noster›
861 4511 1038 4584 usurpatur,
1062 4521 1158 4583 quem
1175 4505 1226 4568 bic
1246 4504 1448 4568 noninvitus

180 4601 307 4682 proprio
334 4619 426 4688 sensu
451 4602 688 4680 intelligendum
715 4602 874 4683 recipiam.
893 4604 976 4668 Cum
1003 4603 1088 4666 enim
1114 4603 1270 4682 Hispaniae
1299 4602 1448 4683 plurimas

182 4701 276 4762 urbes
290 4706 379 4779 poeta
395 4706 558 4762 enumerat
577 4705 607 4762 et
628 4699 777 4776 congerit,
795 4716 876 4777 quae,
892 4718 1036 4781 supremo
1052 4701 1113 4773 die,
1130 4699 1254 4763 obviam
1269 4699 1447 4762 adventanti

181 4797 303 4861 Christo
324 4814 514 4878 processurae
533 4796 605 4872 sint,
622 4803 653 4859 et
668 4813 723 4860 sua
744 4813 888 4876 quaeque,
904 4800 1033 4866 tutelam
1051 4797 1111 4861 sibi
1125 4804 1157 4861 et
1175 4795 1364 4877 praesidium,
1381 4812 1448 4859 ossa
