3592 5668
616 1302 777 1394 CAPUT
811 1306 1035 1396 TERTIUM

236 1561 297 1629 De
320 1561 566 1632 Prudentio
589 1567 722 1648 poeta
742 1565 886 1650 lyrico
908 1601 944 1612 -
968 1565 1028 1633 De
1052 1565 1413 1638 Cathemerinon.

746 1837 900 1848 —u—-o-v—--e

286 2072 317 2152 §.
331 2073 342 2134 1
356 2105 390 2116 -
405 2073 499 2146 (16666
515 2068 550 2136 ob
566 2088 690 2134 clumam
706 2071 808 2149 lyricis
824 2071 980 2134 llmdentii
992 2075 1140 2154 precipue
1153 2077 1356 2138 immoremur.

228 2275 260 2340 Si
276 2275 431 2356 legentem
445 2293 507 2340 non
525 2277 654 2340 omnino
670 2276 748 2355 fugit
758 2277 946 2358 prooemium
962 2285 1113 2356 nostrum,
1124 2279 1189 2358 iam
1199 2280 1287 2344 novit
1298 2298 1354 2345 cur
1364 2281 1459 2361 lyrica

188 2375 348 2437 Prudentii
368 2375 558 2456 praecipuam
582 2375 674 2453 hujus
693 2375 864 2439 voluminis
884 2377 1046 2440 materiem
1067 2379 1247 2443 habeamus.
1269 2377 1462 2460 lnopinatam

189 2473 270 2536 banc
285 2478 316 2536 et
329 2473 434 2536 forsan
447 2473 635 2536 invidiosam
650 2473 832 2554 opinionem
842 2491 905 2538 non
917 2493 1081 2555 possumus
1096 2493 1159 2540 non
1171 2478 1312 2542 emittere
1326 2479 1463 2542 Pruden-

189 2570 269 2633 tium
282 2572 347 2636 iere
362 2572 464 2635 solum
474 2572 569 2635 tuisse
581 2571 613 2634 in
628 2571 739 2634 litteris
751 2572 857 2635 latinis
869 2573 999 2652 lyricum
1011 2581 1144 2654 poetam.
1158 2575 1238 2639 Satis
1249 2576 1333 2640 enim
1345 2569 1465 2640 constat

186 2671 253 2734 sive
267 2670 423 2734 Catullum
434 2672 499 2733 sive
511 2670 667 2747 Flaccum,
680 2672 859 2736 Graecorum
874 2672 1056 2749 imitatores,
1072 2673 1301 2754 exemplaribus
1317 2674 1463 2752 equidem

188 2784 253 2830 non
269 2767 413 2848 impares,
431 2767 602 2832 imitatores
618 2774 722 2831 tamen
740 2769 845 2833 luisse.
859 2769 928 2832 Post
942 2769 998 2834 hos
1014 2770 1118 2850 lyricae
1128 2771 1229 2852 poesis
1240 2772 1384 2835 materies
1398 2771 1464 2835 sive

189 2866 318 2928 omnino
334 2866 447 2939 deficit,
463 2866 530 2930 sive
552 2867 590 2930 ad
611 2866 705 2930 aliam
719 2873 838 2947 partem
860 2884 1010 2932 conversa
1030 2874 1084 2932 est.
1109 2868 1241 2948 Rolligio
1261 2887 1325 2932 non
1342 2876 1465 2933 tantum

187 2963 288 3028 valuit
310 2970 345 3027 ut
364 2965 526 3029 materiem
549 2964 653 3044 lyricis
673 2964 772 3045 poetis
800 2964 1028 3046 suppeditaret3
1053 2982 1174 3030 amores
1197 2967 1346 3032 libentius
1365 2975 1465 3048 poetae

188 3062 277 3125 latini
293 3062 429 3142 elegiaco
440 3070 538 3126 metro
551 3063 749 3140 cecinerunt;
763 3062 936 3143 indignatio
952 3070 1058 3144 poetas
1073 3065 1154 3141 lecit,
1169 3083 1233 3129 non
1248 3065 1371 3146 lyricos.
1385 3067 1465 3142 Quid

187 3167 349 3240 supererat
367 3161 428 3225 nisi
448 3162 570 3242 pusillae
584 3179 634 3225 res
656 3172 686 3226 et
705 3161 837 3225 minoris
856 3163 1002 3242 ponderis
1021 3179 1091 3242 quae
1110 3164 1231 3227 nullam
1246 3164 1306 3227 nisi
1326 3165 1421 3228 unius
1436 3170 1466 3228 et

189 3259 317 3322 alterius
330 3261 465 3340 strophae
480 3260 643 3324 materiem
664 3259 863 3340 suppeditare
878 3262 1025 3340 possenti
1041 3261 1236 3339 Christianis,
1253 3268 1288 3325 ut
1304 3263 1368 3340 jam
1388 3262 1466 3326 dixi·

188 3374 270 3435 mus,
288 3359 395 3422 datum
410 3365 476 3423 erat
491 3359 620 3440 lyricam
634 3359 754 3440 poesim
769 3359 969 3440 languentem
985 3366 1016 3423 et
1030 3359 1246 3440 frigescentem
1260 3378 1416 3442 reparare,
1432 3367 1467 3423 ut

189 3456 246 3536 qui
265 3457 396 3538 magnis,
413 3457 662 3534 vehementibus,
678 3473 753 3522 vere
768 3457 881 3522 vividis
900 3457 1037 3523 motibus
1052 3459 1149 3524 animi
1164 3458 1410 3540 impellerentur.
1427 3459 1468 3521 At

188 3553 342 3635 plerique,
356 3556 449 3620 rudes
464 3571 550 3633 sane,
563 3556 614 3619 vel
629 3555 751 3620 acriore
765 3556 799 3620 in
814 3571 918 3636 pugna
932 3557 1046 3620 versati
1061 3573 1156 3636 quam
1166 3564 1202 3620 ut
1216 3556 1375 3621 umbratili
1390 3556 1465 3633 vita,

189 3652 258 3716 sine
278 3670 339 3733 qua
360 3653 454 3734 lyrica
476 3653 577 3735 poesis
597 3653 651 3717 vix
670 3654 802 3718 existere
821 3660 931 3734 potest,
948 3655 1137 3730 fruerentur,
1155 3655 1249 3734 lyrica
1269 3653 1418 3730 carmina,
1434 3659 1468 3717 nt

188 3751 338 3831 vidimus,
355 3752 445 3816 nullo
463 3753 558 3816 modo
573 3752 634 3816 nisi
654 3752 688 3816 in
707 3752 852 3830 transitu,
869 3752 961 3816 idest
975 3770 1040 3817 non
1054 3753 1127 3816 satis
1146 3752 1278 3829 curiose,
1296 3752 1389 3815 edere
1402 3756 1468 3814 ten-

191 3858 346 3916 taverunt.
368 3851 573 3916 Prudentium
594 3852 659 3916 lere
678 3852 792 3929 solum,
813 3852 868 3931 qui
887 3869 945 3915 nec
964 3852 1126 3933 episcopus
1145 3867 1203 3914 nec
1220 3852 1379 3930 presbyter
1397 3850 1466 3926 tuit,

189 3966 249 4012 nec
270 3951 451 4030 magistratu
472 3967 596 4015 summo
617 3951 777 4033 praeditus,
801 3951 929 4015 decebat
949 3951 1098 4030 quietam,
1123 3955 1229 4031 utpote
1248 3949 1373 4012 mitiore
1392 3956 1469 4012 tem·

190 4053 318 4128 pestate,
335 4054 529 4114 senectutem
544 4050 584 4113 ad
597 4049 716 4114 nobilia
737 4049 791 4113 illa
810 4055 842 4112 et
860 4049 911 4129 pia
927 4048 1030 4112 studia
1046 4054 1239 4111 convertere.
1257 4048 1350 4111 Decet
1365 4054 1469 4111 autem

191 4162 260 4222 nos,
289 4147 348 4210 boc
373 4147 545 4228 exemplari
572 4148 670 4212 oculis
691 4147 805 4211 nostris
825 4145 996 4228 proposito,
1024 4145 1102 4226 quid
1119 4146 1264 4223 valuerit,
1290 4145 1378 4209 nullo
1406 4146 1470 4208 iere

191 4244 310 4308 auxilio
337 4246 513 4324 adjuvante,
537 4263 741 4311 romanorum
766 4246 862 4327 lyrica
886 4260 1026 4323 camena,
1046 4260 1108 4323 qua
1129 4244 1171 4322 vi,
1197 4261 1258 4324 qua
1285 4245 1384 4327 copia,
1408 4259 1470 4322 quo

190 4343 329 4424 pondere
343 4346 448 4423 luerit,
466 4345 656 4412 examinare.

350 4551 419 4636 §ll
431 4586 470 4600 -
484 4551 543 4629 Qui
555 4552 720 4617 Prudmtto
733 4553 878 4620 imitandi
885 4555 1012 4635 fuerim,
1025 4571 1097 4634 quos
1110 4554 1247 4616 imitatur
1260 4551 1310 4615 stt.

237 4756 360 4822 Cursim
381 4757 446 4837 jam
471 4775 542 4837 quae
564 4758 1244 4824 16661166161661661166111661611666666]
1269 4773 1338 4836 quae
1361 4754 1475 4820 dicitur

196 4860 355 4938 ὑμνολιγία
381 4857 529 4934 diximus,
557 4874 615 4922 666
642 4858 797 4936 legentem
826 4858 950 4936 lugiunt
978 4857 1088 4922 Hilarii
1116 4855 1325 4932 Pictariensis,
1353 4851 1476 4916 Damasi

1293 5008 1309 5051 4
