3592 5668
725 1321 886 1415 conor
914 1319 1181 1440 antomon

379 1558 552 1630 Aurelii
572 1555 812 1627 Prudentii
835 1553 1079 1623 Clementis
1101 1569 1239 1640 opera
1261 1571 1353 1624 non
1374 1555 1521 1640 lyrica

690 1680 955 1751 summatim
976 1681 1222 1766 recoquita.

876 1878 1032 1894 ῃ

356 2069 400 2131 De
410 2067 452 2131 Ἀ.
468 2064 629 2130 Prudentii
645 2041 835 2128 carminibus
853 2077 918 2124 non
929 2060 1033 2142 lyricis
1048 2063 1186 2143 primum
1197 2061 1377 2126 summatim
1392 2060 1590 2140 disseremus,

281 2227 282 2230 ,
316 2183 388 2230 cum
402 2166 441 2229 ad
455 2164 550 2246 lyrica
566 2162 720 2244 praecipue
734 2166 850 2242 spectet
862 2167 968 2224 noster
980 2160 1031 2225 hic
1042 2160 1179 2226 libellus.
1193 2159 1313 2224 Deinde
1324 2161 1452 2227 otiosius
1463 2161 1592 2243 lyricam

318 2269 437 2346 partem
451 2262 663 2326 tractabimus.

784 2447 800 2530 5
814 2448 837 2511 l.
852 2481 893 2495 -
902 2445 946 2510 m
958 2445 1128 2528 Apotlteost.

356 2657 425 2722 Tibi
439 2657 511 2721 licet
525 2654 729 2720 Prudentium
744 2653 941 2719 considerare
955 2654 1021 2717 sire
1035 2653 1108 2718 fidei
1124 2653 1268 2730 doctoris,
1286 2652 1352 2720 sive
1370 2655 1511 2734 oratoris,
1525 2656 1594 2720 sive

316 2757 405 2837 lyrici
419 2761 520 2836 partes
537 2747 697 2840 agentem}
709 2754 798 2828 Quod
813 2754 852 2816 ad
867 2753 1040 2816 doctrinam
1055 2754 1175 2828 attinet,
1192 2754 1310 2817 scilicet
1330 2755 1363 2818 in
1383 2755 1544 2834 Apotbcost'
1562 2761 1594 2818 et

273 2877 276 2947 t
314 2855 561 2934 flamarupeoto,
573 2869 637 2916 non
649 2851 757 2915 dubito
767 2851 871 2914 dicero
882 2852 946 2914 iere
957 2850 1037 2914 nibil
1048 2851 1273 2932 novi,genoini
1282 2854 1486 2917 Prudentium
1498 2871 1593 2933 penes

273 2972 275 3044 l
315 2951 550 3018 iuisse..0mnis
570 2969 588 3015 a
607 2951 764 3032 prioribus
785 2949 964 3013 doctoribus
984 2950 1110 3030 pendet,
1133 2950 1326 3016 Tertulliano
1347 2950 1511 3032 imprimis,
1535 2969 1595 3016 nec

272 3048 274 3061 '
316 3050 444 3116 scientia
460 3067 518 3114 neo
532 3050 658 3130 ingenio
672 3050 895 3130 supereminet,
912 3050 972 3112 hoc
984 3053 1106 3112 tantum
1123 3048 1278 3114 excellens
1294 3051 1379 3130 quod
1393 3049 1489 3114 latina
1503 3066 1592 3114 musa

316 3149 415 3213 utitur
429 3149 520 3228 longe
535 3149 677 3229 priorum
690 3165 788 3211 musae
802 3147 971 3229 praestanti.
985 3148 1072 3211 Hanc
1086 3163 1194 3211 rocem
1206 3147 1400 3228 Apotbcost'm
1411 3149 1541 3230 primm,
1558 3156 1594 3212 ut

317 3249 439 3328 opinor,
453 3247 535 3310 inter
546 3246 659 3310 latinos
670 3247 835 3327 scriptores
846 3263 863 3308 e
873 3245 981 3326 graecis
993 3245 1195 3338 scriptoribus
1208 3246 1528 3328 Tertullianusfflpol.
1541 3247 1593 3330 34)

316 3345 485 3423 transtulit,
507 3345 544 3408 de
573 3360 776 3408 romanorum
804 3343 1028 3424 imperatorum
1053 3344 1213 3424 apotheosi
1237 3345 1372 3409 locutus.
1398 3345 1447 3409 Ad
1475 3362 1593 3409 novum

316 3462 442 3510 sensnm
455 3443 587 3508 verbum
602 3442 746 3507 transfert
760 3441 957 3519 Prudentius,
965 3442 1023 3506 hac
1033 3459 1111 3506 voce
1122 3442 1211 3521 quasi
1222 3460 1305 3507 verae
1316 3444 1389 3508 fidei
1398 3444 1593 3525 triumphum

257 3565 258 3568 ¹
316 3544 503 3624 significans.
527 3540 610 3621 Opus
634 3541 856 3622 praeceptivum
882 3547 928 3602 est
950 3539 1044 3604 simul
1070 3546 1101 3604 et
1129 3542 1401 3606 concertatorium.
1422 3542 1492 3605 Post
1517 3542 1593 3606 duas

298 3654 301 3662 '
317 3642 514 3725 praelationes
528 3639 583 3704 nbi
599 3638 715 3720 duplex
729 3639 788 3701 hoc
803 3639 974 3702 disserendi
985 3655 1102 3718 genus,
1121 3640 1209 3719 quasi
1230 3657 1247 3703 e
1267 3639 1396 3704 consilio
1416 3640 1591 3718 nuntiatur,

317 3759 389 3807 cum
413 3741 499 3822 prior
523 3739 562 3803 sit
584 3740 680 3803 breve
702 3737 909 3801 summarium
931 3737 1080 3801 doctrinae
1107 3738 1145 3802 de
1167 3737 1283 3802 natura
1304 3738 1371 3817 Dei,
1395 3740 1491 3808 altera
1512 3739 1594 3803 nihil

319 3841 404 3906 aliud
420 3856 515 3919 quam
535 3840 703 3902 vehemens
714 3838 862 3903 adversus
876 3836 1038 3901 haereticos
1053 3837 1233 3919 philippica,
1251 3835 1341 3920 poeta
1357 3840 1395 3902 de
1409 3845 1521 3902 natura
1537 3837 1593 3901 Dei

318 3938 413 4020 patris
425 3938 574 4001 disserere
589 3936 709 4018 incipit.
731 3935 874 4016 nequirit
891 3935 1029 4016 primum
1048 3940 1155 4001 utrum
1168 3937 1323 4017 passibilis
1337 3936 1533 4016 visibilisque
1552 3935 1593 3999 sit

319 4039 411 4116 Deus,
428 4052 538 4101 necne.
555 4037 599 4098 De
614 4040 748 4114 utroque
762 4051 827 4098 non
843 4033 897 4098 diu
910 4033 1049 4098 incertus
1065 4039 1191 4099 manet:

570 4252 913 4274 ....................
931 4215 1032 4269 Ardua
1046 4227 1117 4270 nam
1129 4216 1175 4270 vis

565 4309 621 4363 list
633 4302 825 4372 impassibilis
843 4343 1187 4363 ....................

566 4398 624 4453 Nea
635 4396 714 4464 cepit
726 4396 867 4451 humanis
879 4396 1042 4463 angoribus
1055 4395 1225 4454 excruciari.
1242 4393 1299 4466 (84,
1312 4394 1359 4466 86)

321 4598 495 4662 Terrestres
507 4595 614 4660 oculos
628 4609 754 4675 quoque
769 4593 850 4657 Deus
865 4592 984 4672 effugit,

537 4813 1075 4834 ...............................
1093 4779 1122 4830 et
1135 4774 1253 4829 deitatis

532 4871 716 4924 Immensum
728 4867 885 4932 adsumpto
898 4879 958 4921 non
971 4869 1116 4933 temperat
1128 4878 1178 4918 ore
1188 4865 1343 4934 modoque,
1356 4862 1413 4935 (14)
