3592 5668
831 489 834 496 ⁴
872 514 910 524 -
931 483 969 546 22
991 513 1030 526 ·-

316 591 440 653 Scilicet
461 591 509 653 illi
528 591 673 656 Victoriae
696 599 805 657 statue
827 611 923 672 quam
943 595 977 659 in
999 592 1093 658 Curia
1118 593 1249 657 Senatus
1272 593 1403 656 Romani
1426 593 1588 658 restituere

317 688 518 767 Symmachus
534 690 619 752 nisus
636 697 713 755 erat.
1266 719 1269 724 ·

356 787 498 866 Denique
514 789 580 851 haec
593 789 835 869 Peristephanon
850 793 1038 880 hymnorum
1052 790 1170 854 mentio
1186 793 1219 852 fit
1235 796 1277 867 (v.
1294 790 1363 871 [ἂν

666 954 791 1005 Carmen
805 957 876 1006 Mart
881 955 984 1019 yribus
997 955 1171 1008 devoveat...

357 1118 415 1179 Res
442 1119 565 1180 minimi
605 1121 750 1198 ponderis
785 1121 981 1184 discutienda
1028 1128 1131 1184 restat.
1166 1123 1282 1184 blentio
1307 1123 1390 1184 haec:
1429 1121 1593 1201 «Hypanis

318 1217 467 1276 continuet
479 1217 540 1278 dies
557 1241 568 1275 n
587 1233 681 1294 quem
695 1236 788 1298 supra
803 1220 978 1294 retudmus
994 1220 1236 1283 Cathemerinon
1250 1221 1382 1300 hymnos
1398 1221 1482 1282 haud
1498 1217 1592 1282 dubie
1646 1207 1648 1209 ’

317 1312 479 1389 significat,
496 1315 552 1376 hos
571 1332 646 1377 vero
668 1321 790 1378 tantum
810 1317 1040 1380 Cathemerinon
1062 1318 1116 1396 qui
1138 1319 1177 1380 ad
1198 1317 1336 1396 singulas
1360 1316 1422 1380 diei
1443 1323 1474 1379 et
1494 1316 1594 1379 noctis

318 1409 410 1470 horas
431 1411 588 1490 pertinent
608 1413 659 1491 (ed
679 1415 754 1494 pelli
775 1423 907 1488 callium,
928 1417 1107 1489 matutinus,
1130 1424 1200 1478 onte
1221 1413 1329 1486 cibem,
1342 1423 1413 1492 post
1430 1413 1538 1486 cibem,
1557 1415 1595 1475 ed

319 1509 469 1568 lencensnrn
491 1509 625 1581 lucerne,
652 1519 720 1573 ente
741 1524 898 1584 sommum,
926 1513 1145 1592 bonomonte),
1170 1513 1212 1575 ita
1225 1507 1376 1591 'dispositi
1393 1517 1428 1574 ut
1441 1528 1515 1574 vere
1530 1511 1595 1573 dies

320 1610 487 1683 noctesque
502 1609 650 1671 continua
665 1610 745 1672 serie
760 1611 983 1688 constringant,
1002 1618 1032 1672 et
1045 1611 1158 1673 merito
1173 1617 1264 1690 poeta
1281 1610 1383 1672 dicat:
1471 1687 1473 1693 Ι

533 1773 658 1836 Hymnis
671 1775 826 1826 continuet
837 1775 899 1826 dies
975 1771 977 1777 '

531 1862 587 1914 Nec
601 1875 659 1914 nox
672 1864 734 1915 ulle
745 1865 828 1918 vacet
844 1865 916 1928 quin
929 1865 1092 1916 Dominum
1105 1868 1201 1918 canat.

362 2026 442 2099 Quid
456 2043 531 2089 vero
547 2029 585 2092 de
600 2029 679 2104 aliis,
695 2031 749 2108 uui
765 2047 828 2094 non
844 2031 882 2092 ad
898 2036 995 2093 certas
1012 2031 1073 2094 diei
1089 2033 1191 2107 horas
1209 2031 1264 2093 sed
1280 2031 1318 2094 ed
1331 2035 1431 2092 certos
1442 2026 1600 2108 pectinent

324 2123 397 2184 anni
437 2124 501 2186 dies
540 2125 772 2205 (jejunentinrn,
811 2135 879 2206 pest
912 2128 1078 2205 jejuniam,
1121 2129 1296 2208 epiphanie,
1344 2127 1419 2189 VIII
1457 2126 1601 2188 leniendus
1650 2133 1655 2142 ’

317 2221 511 2302 januarias),
526 2224 577 2286 vel
596 2226 635 2287 ad
650 2224 783 2287 incertos
800 2224 851 2305 (ed
876 2227 1035 2304 eeseqniee
1057 2227 1215 2306 defuncti).
1238 2226 1358 2289 Suntne
1385 2225 1433 2286 isti
1450 2224 1601 2287 Catheme-

323 2318 414 2379 rinon
446 2320 569 2398 hymnis
602 2323 851 2386 annumerandi>
879 2323 977 2386 Credo
1006 2324 1162 2401 equidem,
1195 2340 1265 2387 cum
1293 2321 1445 2384 simillimi
1476 2320 1600 2400 generis

324 2416 396 2489 sint,
414 2433 472 2479 nec
486 2419 594 2482 dubito
614 2420 652 2482 de
673 2420 817 2482 omnibus
839 2420 978 2482 locutum
998 2422 1092 2483 luisse
1113 2421 1317 2483 Prudentium
1342 2420 1483 2482 versibus
1507 2433 1601 2497 supra

326 2513 436 2576 citatis.
453 2516 580 2579 Codices
602 2526 741 2580 ceterum
758 2534 835 2594 quos
855 2518 997 2581 recensui
1018 2537 1082 2582 non
1103 2519 1180 2582 alios
1199 2520 1237 2582 ab
1258 2517 1326 2588 aliis
1348 2523 1525 2592 secernunt,
1542 2517 1602 2577 hoc

325 2618 429 2674 tamen
451 2614 725 2678 animadvertendo
753 2617 837 2693 quod
866 2617 1067 2679 undecimum
1082 2623 1112 2679 et
1127 2617 1348 2680 duodecimum
1373 2613 1603 2684 Cathemerinon

329 2707 341 2788 (
349 2709 419 2770 Vll]
436 2713 578 2774 leniendos
591 2715 767 2792 januarias,
786 2715 976 2794 Epiphaniae)
992 2715 1084 2793 longe
1099 2716 1136 2777 ab
1156 2715 1236 2790 aliis,
1253 2713 1371 2776 scilicet
1389 2719 1457 2800 post
1475 2712 1603 2774 Periste-

325 2809 448 2886 pbenon
463 2818 618 2885 amovent,
636 2829 731 2889 quam
748 2814 786 2874 ob
803 2829 927 2875 causam
941 2813 1045 2874 nescio
1061 2815 1110 2893 (¹),
1129 2813 1281 2893 plerique.

369 2907 504 2986 Operum
532 2925 602 2986 quae
631 2909 798 2972 Prudentia
827 2912 943 2974 tributa
972 2917 1045 2974 sunt
1071 2910 1199 2974 maximi
1228 2909 1373 2989 ponderis
1405 2909 1494 2972 et'ld
1520 2905 1604 2986 quod

328 3006 487 3069 Prudentii
507 3023 572 3069 esse
592 3008 790 3071 meritissimo
806 3009 927 3071 dicatur
942 3015 988 3071 est
1010 3009 1204 3086 Dittochaeon
1219 3009 1284 3070 sive
1303 3007 1521 3077 Enehlridinrn,
1539 3007 1605 3067 sive

328 3105 505 3183 Diplychon,
533 3106 597 3168 sive
628 3105 721 3168 Te'tnli
744 3107 951 3180 historiarum,
977 3107 1094 3169 scilicet
1109 3107 1156 3168 all
1179 3105 1354 3168 tetrasticha
1385 3103 1549 3180 antiquum
1576 3109 1606 3164 et

330 3218 448 3263 novum
462 3208 682 3265 testamentum
692 3204 870 3266 summatim
881 3203 1062 3281 attingentia
1072 3205 1110 3266 ab
1119 3203 1237 3265 adamo
1249 3203 1287 3266 ad
1296 3201 1423 3265 loannis
1435 3201 1606 3280 Apocalyp-

331 3299 400 3361 sim.
417 3299 465 3371 An
479 3317 550 3361 vere
569 3299 728 3362 Prudentii
739 3301 801 3363 sint
813 3301 934 3363 infinite
949 3301 1114 3378 quaesitum
1128 3305 1183 3363 est.
1201 3301 1268 3362 Huc
1283 3306 1313 3362 et
1328 3299 1404 3362 illuc
1418 3297 1606 3378 pertinentia

333 3403 514 3474 argumenta
530 3413 624 3474 quem
638 3398 821 3461 brevissime
835 3415 1000 3477 exponam.

372 3497 545 3558 Fatendum
560 3502 605 3557 est
619 3496 822 3559 Prudentium
837 3497 870 3559 in
886 3497 1066 3576 prelatione
1085 3497 1206 3560 nullam
1227 3497 1398 3558 Enchirldn'e'
1415 3494 1607 3564 mentionem

333 3593 452 3656 iecisse.
465 3595 589 3656 Frustra
604 3595 806 3656 contenderes
820 3593 869 3657 his
881 3594 985 3657 verbis
995 3594 1115 3656 ultimis
1126 3595 1186 3672 sui,
1201 3604 1236 3658 ut
1246 3595 1287 3658 ita
1301 3594 1412 3668 dicam,
1425 3591 1605 3655 summarii:

341 3692 467 3753 «landet
498 3693 669 3770 apostolos»
713 3693 814 3771 (Praei.
841 3692 997 3767 universa,
1029 3693 1080 3770 43)
1118 3691 1334 3756 Enchiride'nm
1366 3689 1543 3769 significari,
1574 3687 1608 3750 in

333 3807 396 3868 quo
412 3789 496 3852 enim
520 3790 573 3851 vix
597 3789 657 3852 tria
682 3789 860 3852 tetrasticha
881 3790 920 3854 ad
941 3791 1094 3869 apostolos
1121 3791 1279 3869 pertinent
1298 3789 1361 3869 (ab,
1386 3789 1436 3866 tl,
1459 3788 1521 3867 lu).
1539 3786 1610 3848 'libi

333 3895 438 3950 autem
454 3889 556 3968 pelam
575 3893 619 3952 est
645 3905 705 3966 que
726 3905 799 3951 cura
820 3895 851 3950 et
868 3889 1040 3951 subtilitate
1060 3887 1246 3951 Prudentius
1265 3904 1321 3953 sue
1343 3903 1437 3966 opera
1452 3887 1485 3958 in
1501 3886 1609 3964 prela-

332 3987 420 4048 tione
435 3987 634 4048 demonstret.
651 3987 893 4050 Concedendum
909 4002 1034 4064 quoque
1055 3985 1219 4063 jejunitate
1245 3991 1275 4046 et
1292 3985 1429 4052 exilitate
1442 3983 1611 4047 admodum

334 4084 458 4146 insolita
473 4085 540 4146 haec
554 4089 696 4164 poemata
712 4102 821 4164 parum
837 4084 1059 4146 commendari.
1077 4083 1209 4145 Multum
1223 4083 1328 4145 valent
1343 4087 1524 4162 argumenta
1539 4081 1608 4143 ista.

334 4181 414 4256 Quid
428 4181 526 4244 vero‘l
544 4182 654 4243 Nonne
673 4181 776 4260 potuit
794 4183 980 4244 Prudentius
1000 4181 1077 4254 sive,
1102 4180 1315 4259 prelationem
1334 4180 1483 4253 scribens,
1500 4177 1611 4240 Enchi·

333 4281 450 4343 ridium
465 4279 633 4359 preterire,
652 4295 723 4341 cum
739 4280 827 4358 parvi
843 4281 967 4351 laceret,
986 4279 1051 4340 sive
1067 4278 1284 4341 Enchiridium
1304 4277 1447 4361 postella
1467 4282 1610 4357 poemata

332 4396 406 4440 cum
428 4377 616 4457 praelatione-
630 4377 822 4458 pervulgate,
838 4377 1017 4456 scripsisset
1032 4376 1121 4449 Quod
1145 4376 1183 4439 ad
1210 4377 1383 4440 orationem
1403 4376 1521 4449 attinet,
1538 4391 1611 4436 cum

332 4477 473 4540 dandum
488 4482 533 4536 est
547 4492 657 4536 manus
671 4475 888 4538 Enehiridium
910 4475 1010 4553 impar
1025 4474 1094 4536 eliis
1115 4475 1310 4553 poematibus
1324 4489 1399 4548 esse,
1417 4479 1483 4535 tum
1503 4471 1612 4552 praedi:

333 4574 470 4636 candum
497 4589 560 4639 non
596 4572 761 4650 indignum
794 4571 948 4652 probabili
978 4571 1128 4651 scriptore
1150 4574 1209 4634 hoc
1232 4589 1309 4650 opus
1328 4569 1439 4646 videri,
1467 4576 1501 4632 ut
1526 4567 1611 4645 quod

365 4743 395 4806 ς’)
413 4743 457 4793 Sic
471 4740 634 4794 telleneus
647 4741 723 4804 (bibl.
739 4743 793 4794 nel,
809 4739 896 4804 8085);
910 4741 979 4792 alius
991 4738 1067 4805 (ibid.
1088 4741 1171 4804 8086);
1189 4740 1258 4790 alius
1270 4739 1415 4804 (Nouoelles
1428 4736 1610 4804 acquisitione

334 4823 443 4894 lulliaco,
456 4823 521 4888 ull).
