3640 5670
905 527 1064 588 „fig-

313 631 315 635 ’
346 644 432 708 nullo
453 652 635 709 ornamento
658 643 775 723 addito,
790 647 868 708 ‘cum
889 644 980 724 primi
1002 660 1111 708 versus
1129 645 1183 707 uhi
1204 645 1366 725 quiescant
1388 648 1535 730 martyris
1552 665 1621 714 ossa

343 751 504 823 moneant,
516 743 642 808 ultimus
653 744 797 822 martyris
807 751 949 805 mortem.
960 744 1014 804 llic
1028 741 1173 816 Quiritum
1186 752 1243 822 est,
1252 747 1303 824 qui
1317 746 1489 825 imperante
1499 749 1621 813 Galerio

343 859 451 922 passus
471 850 527 908 est.
548 843 696 906 Molarem
714 859 731 906 e
751 842 829 905 collo
850 857 1032 921 suspensam
1051 858 1164 921 gerens
1183 861 1322 925 praeceps
1342 846 1374 908 in
1394 847 1510 911 llumen
1531 849 1620 914 datus

343 949 420 1006 erat.
434 943 509 1006 Cum
524 941 625 1021 lapide
636 950 738 1004 tamen
754 941 831 1004 levis
844 939 975 1015 innatat,
989 946 1020 1002 et
1030 940 1204 1004 adstantem
1215 943 1426 1024 miraculoque
1442 951 1621 1027 stupentem

342 1042 464 1105 turham
479 1041 633 1105 solaturus
648 1039 828 1120 alloquitur;
845 1041 949 1102 lesum
968 1056 1025 1118 per
1036 1055 1131 1119 aquas
1152 1041 1356 1120 gradientem,
1373 1044 1519 1108 Hebraeos
1540 1047 1619 1124 pede

341 1142 423 1205 sicco
444 1141 614 1204 lordonum
638 1146 835 1203 transeuntes
860 1144 1026 1215 memorat;
1050 1138 1188 1218 tandem,
1213 1145 1345 1204 mortem
1370 1142 1435 1222 ipse
1457 1149 1619 1224 postquam

340 1246 484 1319 precatus
499 1237 557 1318 e'st,
573 1240 778 1318 immergitur.
795 1237 889 1301 Siscia
905 1237 978 1300 urhs
993 1236 1061 1315 ejus
1075 1254 1142 1301 ossa
1155 1244 1253 1303 tenet.

382 1338 429 1419 (d)
446 1338 678 1402 productiorem
694 1337 841 1400 hahemus
856 1336 1017 1416 hymnum,
1032 1352 1091 1399 neo
1105 1353 1166 1400 una
1183 1355 1200 1400 e
1216 1338 1394 1403 narratione
1410 1348 1616 1421 constantem,

339 1437 351 1499 Ι
373 1437 630 1516 Peristephanon.
648 1437 683 1499 ln
704 1453 777 1516 quo,
792 1434 921 1498 materie
944 1433 1103 1514 paululum
1126 1436 1304 1516 deficiente,
1322 1454 1392 1501 oum
1408 1439 1469 1502 duo
1491 1441 1616 1519 milites,

338 1535 511 1598 Emeterius
524 1533 773 1613 etChelidonius,
786 1530 1017 1612 calagurritani,
1030 1532 1152 1596 obscuri
1166 1535 1266 1609 amho,
1279 1536 1411 1598 canendi
1421 1545 1537 1616 essent,
1546 1539 1616 1600 sim-

337 1632 410 1712 plici
431 1633 576 1714 equidem
590 1649 746 1711 sermone,
759 1632 813 1696 sed
826 1632 922 1696 lusius
934 1638 1024 1711 poeta
1036 1631 1074 1694 de
1086 1633 1224 1713 martyrii
1243 1633 1338 1712 ipsius
1350 1635 1464 1698 virtute
1479 1636 1615 1715 disserit,

336 1738 553 1810 postmortem
567 1731 729 1812 utriusque
743 1731 850 1794 militis
866 1735 1026 1808 memorat,
1044 1730 1083 1793 de
1105 1730 1262 1794 oblivione
1279 1733 1368 1795 larnae
1388 1735 1529 1812 queritur
1547 1752 1615 1814 quae

336 1830 431 1893 edicit
454 1838 488 1894 ul
508 1831 547 1894 de
561 1838 692 1912 utroque
714 1847 777 1893 nou
799 1830 888 1910 plura
902 1830 1068 1892 memorari
1084 1829 1213 1909 possint,
1230 1829 1378 1895 miracula
1401 1833 1483 1895 canit
1504 1834 1615 1913 quihus

336 1929 513 2008 sepulcrum
527 1936 698 2010 martyrum
716 1928 902 2006 celebratur,
918 1927 1133 1991 brevissimam
1149 1928 1356 1992 hortationem
1372 1930 1469 2007 addit,
1481 1931 1532 1994 vix
1547 1933 1615 1996 hor·

337 2027 497 2108 tationem,
526 2029 608 2109 piam
635 2028 737 2109 potius
766 2029 941 2111 ἀποστροφὴν
970 2027 1007 2107 (ι
1026 2027 1108 2090 Stutc
1135 2045 1224 2102 tarano,
1257 2028 1391 2106 hymnite
1428 2037 1606 2094 mulces...»

335 2143 367 2188 u.
387 2126 496 2206 ll8...)

375 2225 425 2306 (tt)
440 2226 569 2289 Maxime
584 2225 741 2307 popularis
757 2225 880 2305 generis
896 2229 943 2286 est
958 2224 983 2286 ll
998 2223 1244 2305 peristephanon
1261 2241 1322 2304 quo
1338 2225 1442 2289 Sancti
1454 2227 1613 2292 Laurentii

335 2325 443 2388 laudes
475 2325 631 2389 dicuntur.
657 2325 846 2388 Productum
871 2339 1009 2402 carmen,
1033 2322 1088 2388 sed
1114 2323 1341 2404 simplicissimo
1366 2340 1522 2405 sermone,
1546 2327 1612 2390 iere

334 2440 428 2487 omne
444 2440 482 2488 ex
497 2425 677 2488 narratione
693 2431 849 2498 constans.
864 2423 996 2487 Videtur
1011 2429 1115 2485 tamen
1132 2423 1331 2501 Prudentius,
1343 2424 1408 2503 ipsa
1423 2426 1611 2489 narrationis

335 2521 496 2587 latitudine
510 2523 658 2601 monitus,
674 2523 834 2585 inductum
854 2520 948 2583 luisse
973 2529 1006 2583 ut
1029 2523 1178 2599 poematis
1191 2527 1388 2601 ‚structuram
1409 2532 1611 2604 componeret

334 2622 445 2685 additis
462 2623 492 2685 in
508 2622 659 2703 principio
675 2622 777 2685 Romae
793 2619 950 2700 preconio
962 2619 994 2681 in
1010 2635 1068 2698 qua
1085 2627 1127 2681 tot
1144 2626 1345 2684 monumenta
1361 2627 1532 2701 martyrum
1547 2640 1610 2686 ser·

334 2730 447 2785 vantur
471 2730 502 2786 et
524 2721 679 2795 coluntur,
706 2721 744 2782 ad
767 2720 863 2781 tinem
886 2718 944 2797 piis
970 2718 1104 2796 querelis
1132 2718 1214 2798 quod
1241 2726 1325 2782 tanto
1355 2735 1393 2782 ex
1423 2720 1519 2784 lheris
1543 2722 1610 2786 hmo

333 2829 533 2885 monumenta
546 2821 644 2901 spatio
660 2827 871 2896 removentur,
880 2821 985 2896 postea
998 2817 1142 2895 precihus
1154 2824 1185 2881 et
1196 2818 1274 2880 votis
1285 2817 1432 2882 hrevlhus
1443 2836 1498 2900 pro
1510 2829 1610 2885 semet

333 2921 399 3000 ipso
415 2921 446 3001 (a
458 2919 670 2999 Audi-poclum
684 2917 895 2980 rusticum...»
914 2933 944 2976 v.
961 2915 1074 2984 574...)
1123 2956 1125 2960 ⁴

372 3023 414 3084 lta
435 3021 554 3085 inclusa
576 3018 607 3082 et
627 3018 741 3097 illigata
764 3015 954 3092 narratione,
973 3015 1106 3093 hymnus
1124 3016 1237 3094 omnis,
1257 3017 1314 3080 etsi
1338 3019 1518 3097 productus,
1534 3019 1607 3083 satis

331 3128 401 3201 apte
416 3120 603 3200 compositus
619 3124 650 3179 et
665 3115 828 3179 conclusus
843 3113 978 3176 videtur.
992 3112 1078 3187 Quod
1093 3114 1131 3176 ad
1147 3116 1357 3179 narrationem
1372 3105 1520 3197 pertinet,
1532 3104 1606 3182 vere

331 3221 498 3301 popularis,
516 3236 579 3282 non
594 3217 661 3280 dico
676 3214 809 3295 plebeia,
825 3221 884 3292 est,
901 3218 932 3276 et
946 3230 981 3276 ea
1001 3229 1069 3292 quae
1089 3229 1152 3275 non
1173 3215 1382 3294 «emarcum»,
1400 3217 1456 3280 sed
1474 3217 1605 3296 simplex

330 3311 1604 3402 etsincerumsapiat‚nonomninoremotafestivitatequadanr,quamnoninsulse

329 3419 425 3482 Ehert
445 3415 595 3496 vocabulo
619 3412 793 3476 britannico
814 3413 943 3474 humour
962 3410 1114 3490 significat
1135 3411 1182 3492 (¹).
1206 3412 1324 3491 Nempe
1349 3412 1513 3478 adducitur
1526 3417 1604 3479 Lau·

329 3518 448 3580 sentius
469 3517 508 3580 ad
526 3511 697 3594 provinciae
715 3511 907 3591 praelectum,
934 3512 985 3589 qui
1006 3516 1111 3571 sancto
1138 3509 1337 3574 arohelevitae
1361 3511 1484 3574 crimini
1510 3515 1605 3577 vertit

329 3617 410 3696 rpuod
432 3632 561 3681 arcanos
584 3613 616 3675 in
643 3610 779 3674 Ecclesia
804 3616 951 3687 congerat
974 3607 1135 3672 thesauros
1156 3614 1187 3671 et
1209 3609 1371 3673 custodiat.
1394 3611 1526 3692 Vestris,
1547 3612 1601 3693 ait,

327 3715 504 3778 hominihus
525 3730 591 3776 mos
612 3719 658 3774 est
680 3727 733 3773 sua
749 3709 887 3771 vendere
909 3707 1000 3785 hona,
1018 3722 1149 3786 quorum
1164 3706 1266 3786 pretio
1286 3709 1404 3771 donent
1417 3710 1600 3792 Ecclesiam,

326 3815 409 3878 unde
431 3830 602 3876 «successor
616 3810 699 3872 heres
709 3808 834 3889 percit».
850 3805 1042 3868 llinitanlem
1054 3806 1235 3885 praelectum
1245 3807 1430 3870 Laurentius
1442 3818 1600 3890 precatur,

279 3989 283 3998 .
325 3922 359 3976 ut
374 3912 430 3975 sihi
445 3927 632 3992 responsuro
648 3909 712 3971 dies
728 3905 918 3986 proseratur3
937 3920 1007 3967 nam
1030 3904 1232 3966 conluctando
1241 3905 1396 3984 primitus,
1415 3913 1478 3970 tum
1492 3907 1600 3972 suduo-

325 4012 419 4074 tuudu
433 4017 476 4073 eat
488 4009 640 4072 surnnmlu
651 4031 680 4068 i.
698 4005 862 4069 l‘rmleotos
876 4003 948 4066 inde
971 4019 1072 4082 «spent
1086 4003 1211 4064 decorat
1221 4025 1232 4058 o
1244 4049 1250 4064 .
1264 4002 1356 4066 Urhis
1371 4010 1474 4068 autem
1489 4023 1598 4070 omnes

323 4096 508 4173 Laurentius
522 4113 672 4178 convocat
685 4120 848 4184 pauperes,
865 4119 996 4182 quorum
1012 4101 1152 4164 recensio
1167 4102 1314 4182 uariaque
1330 4102 1511 4168 difformitas
1525 4107 1599 4169 vivi-

324 4209 534 4272 discoloribus
548 4205 776 4269 exscribuntur.
793 4202 864 4264 lllos
880 4202 911 4264 in
932 4199 1069 4281 praelecti
1084 4206 1284 4278 conspectum
1300 4203 1381 4281 cogit
1395 4203 1595 4282 Laurentius,

323 4314 353 4370 et
368 4307 416 4369 isti
432 4307 530 4369 turhae
547 4302 706 4368 contendit
726 4301 827 4363 inesse
841 4300 974 4376 divitias,
986 4296 1150 4361 libidinum
1167 4301 1250 4378 putri
1266 4299 1432 4379 splendore
1448 4312 1597 4382 praeslan-

322 4407 427 4469 tiores.
450 4406 495 4467 Tu
516 4406 592 4484 ipse,
614 4403 795 4483 imperator,
817 4399 979 4474 exclamat,
1003 4395 1094 4475 paulo
1117 4396 1220 4460 forsan
1243 4396 1427 4462 scurrilius:
1459 4400 1593 4466 «Morbo

322 4503 444 4568 luderes
457 4503 538 4584 rapio
551 4527 580 4566 ι,
597 4503 754 4578 Ceterum,
769 4495 1006 4561 resurrectionis
1022 4494 1081 4570 die,
1098 4511 1160 4558 non
1181 4496 1221 4558 ita
1242 4496 1411 4560 sordebunt
1426 4514 1593 4579 pauperes,

320 4603 374 4666 sed
395 4599 656 4682 «purpurantibus
671 4594 763 4662 'stolis
784 4597 885 4658 clorio
908 4595 1063 4672 nitehunt,
1087 4593 1198 4657 divites
1220 4616 1231 4650 o
1243 4597 1356 4674 pannis
1379 4597 1493 4659 uideres
1516 4595 1594 4660 oltri-

320 4711 365 4767 tos
382 4727 412 4766 »,
438 4700 530 4764 llinis
555 4702 661 4764 terens
691 4696 898 4761 debacchatur
927 4694 1104 4773 praelectus.
1128 4695 1237 4775 Quem,
1269 4702 1369 4759 morte
1401 4701 1589 4778 contempta,

348 4907 379 4971 (¹)
390 4903 539 4960 Gcsoluiclrtc
553 4904 730 4958 t'lrrlstlt'clacn
744 4901 887 4966 ditaretur,
901 4917 928 4968 p.
941 4903 996 4956 253.
