3592 5668
900 463 1040 524 ..2-

336 587 483 664 precepto
506 578 709 642 suluberrimo
724 599 759 655 »3
787 594 859 640 ecce
883 577 981 640 Alfius
1005 575 1114 640 Avitus
1136 575 1190 654 qui
1216 576 1429 640 Romanorum
1448 575 1609 640 historiam

339 677 480 741 iambicis
495 676 636 739 dimetris
652 675 812 755 explanat;
828 674 1042 750 Nemesianus,
1060 674 1153 754 paulo
1167 673 1288 736 minora
1304 689 1428 748 canens,
1445 673 1499 751 qui
1518 689 1610 737 canes

339 783 370 838 et
392 774 568 838 venationis
593 780 703 848 artem,
731 773 764 834 in
786 772 951 852 Cpoeqetis,
976 770 1176 835 celebrandos
1195 770 1335 850 suscipit,
1360 770 1525 850 Virgilium
1544 787 1608 833 non

339 874 466 936 omnino
483 872 650 934 infeliciter
664 870 814 943 imitatus
833 876 863 933 et
877 869 1019 949 pluribus
1033 886 1098 931 sum
1113 868 1210 931 aetatis
1226 868 1415 948 praeoellens.
1432 868 1560 931 Accedit
1579 873 1610 930 et

337 973 529 1052 geographus
546 971 681 1044 Solinus,
699 975 729 1032 et
743 969 890 1032 metricus
905 968 1110 1031 Terentianus
1125 968 1251 1030 Maurus
1266 984 1338 1030 oum
1351 985 1407 1030 suo
1423 967 1563 1030 Carmine
1575 968 1611 1030 dc

338 1071 457 1146 titteris,
472 1067 609 1147 opilabis,
623 1066 746 1147 pedihus
761 1075 789 1129 et
802 1068 916 1142 metris,
935 1071 965 1129 et
979 1066 1135 1129 Palladius
1156 1082 1227 1128 cum
1246 1065 1386 1144 quinque
1404 1071 1435 1127 et
1454 1064 1607 1143 octoginta

337 1167 476 1230 distichis
489 1168 524 1227 de
538 1164 708 1240 arboribus,
729 1182 794 1228 suae
815 1165 870 1227 Rei
888 1165 1009 1227 rusticae
1029 1164 1151 1242 additis,
1173 1162 1227 1242 qui
1246 1162 1342 1243 tropis
1362 1164 1438 1226 adeo
1458 1162 1605 1234 abundat,

335 1265 489 1328 translatis
513 1263 617 1326 verbis
635 1280 702 1325 rem
722 1263 799 1325 adeo
826 1263 973 1335 obcaecat,
1001 1267 1036 1323 ut
1058 1269 1187 1341 prosam
1209 1261 1382 1324 orationem
1406 1262 1609 1324 vehementer

336 1363 556 1425 desideremus.
579 1361 661 1434 Quos
682 1360 763 1422 inter
783 1367 899 1440 poetas,
923 1360 973 1421 vel
995 1359 1028 1421 in
1048 1359 1198 1422 imitando
1220 1358 1414 1433 humiliores,
1434 1358 1485 1421 vel
1504 1356 1608 1420 erudi-

333 1460 420 1522 tione
444 1459 612 1538 graviores,
640 1458 737 1520 Rufus
756 1459 863 1520 Festus
883 1457 1021 1519 Avienus
1042 1457 1159 1518 eminet
1178 1455 1231 1533 qui
1251 1455 1337 1518 Arati
1360 1455 1556 1538 phoeoomeou
1576 1460 1608 1516 et

291 1599 295 1608 -
331 1554 1101 1637 prognosticumlatinumconvertit,ltionysiique
1129 1553 1600 1634 ‹Descriptioocmcrbisterroe›
1690 1591 1694 1600 .

298 1660 302 1666 '
335 1655 368 1717 in
398 1655 530 1716 latinum
559 1670 735 1717 sermonem
766 1653 868 1716 vertit.
901 1652 1043 1714 Alterum
1071 1669 1181 1731 poema
1209 1651 1460 1731 geographioum,
1490 1651 1607 1714 scilicet

342 1752 458 1815 «Ornos
473 1753 685 1814 maritimum»
707 1758 807 1814 totum
826 1750 885 1813 sibi
905 1750 1066 1812 vindicare
1086 1755 1197 1830 potest.
1217 1751 1336 1812 Minora
1355 1750 1496 1827 quaedam
1516 1767 1606 1828 opus-

335 1850 404 1912 cula
419 1849 645 1928 pretermittere
658 1849 740 1912 licet.
753 1848 801 1910 llli
813 1848 998 1911 tribuuntur
1009 1847 1146 1910 carmina
1159 1847 1271 1925 quibus
1283 1846 1402 1926 (nonne
1411 1846 1606 1909 scolasticum

335 1947 366 2008 id
381 1953 410 2008 et
424 1963 497 2008 vere
513 1947 669 2026 puerilei)
683 1946 846 2008 nonnullae
860 1945 983 2024 Virgilii
999 1951 1029 2008 et
1045 1946 1079 2006 Τ.
1097 1944 1176 2006 Livii
1192 1944 1305 2006 tabulae
1315 1943 1506 2024 amplificata
1520 1950 1604 2006 sunt.

334 2044 492 2122 Quidquid
507 2045 539 2106 id
553 2051 609 2118 est,
625 2045 761 2106 maxime
776 2043 895 2122 algidus
910 2043 961 2106 hic
976 2048 1067 2123 poeta
1082 2048 1138 2104 est.
1159 2043 1193 2104 ln
1214 2042 1388 2105 istiusmodi
1409 2042 1501 2105 rebus
1516 2042 1607 2122 friget

334 2143 434 2222 poesis
450 2148 480 2205 et
494 2137 582 2219 quasi
598 2148 709 2222 torpet.
727 2141 809 2215 Quin
824 2141 934 2221 etipse
949 2141 1093 2204 Decimus
1108 2141 1235 2218 Magnus
1250 2140 1407 2203 Ausonius
1419 2141 1456 2221 (¹)
1471 2157 1605 2220 praecep

335 2241 433 2302 tivam
459 2240 578 2320 poesim
602 2256 754 2317 usurpare
773 2239 901 2313 studuit,
920 2245 961 2314 et,
978 2239 1145 2318 geographi
1165 2246 1265 2317 partes
1283 2239 1448 2314 sustinens,
1466 2239 1605 2302 Ordinem

334 2336 481 2400 nobiliora
506 2336 628 2400 urbium
654 2337 791 2416 scripsit,
813 2338 1028 2416 Descriptioois
1055 2335 1137 2399 orbis
1162 2336 1213 2399 vel
1239 2336 1307 2398 θνα»
1329 2337 1493 2399 maritimae
1516 2336 1604 2413 quasi

334 2427 476 2496 aemulus
503 2435 662 2508 Quod-illi
687 2451 798 2513 parum
820 2434 958 2511 contigit,
984 2434 1039 2511 qui
1058 2433 1166 2510 JeJuno
1192 2433 1243 2496 hic
1271 2439 1302 2495 et
1325 2440 1467 2508 exsucco,
1494 2439 1607 2513 praeter
1668 2461 1673 2470 ·

333 2548 464 2608 morem,
482 2533 580 2595 utitur
593 2549 747 2594 sermone.

527 2777 548 2849 s
563 2773 609 2835 lll.
625 2808 665 2816 -
680 2773 813 2850 Proferri
821 2780 915 2852 poetae
930 2809 968 2817 --
983 2773 1096 2852 lyrici,
1113 2772 1248 2854 elegiaci,
1269 2771 1407 2835 bucolici.

374 3003 405 3066 Si
427 3004 465 3068 ad
485 3005 639 3068 sinceram
664 3002 781 3084 poesim
798 3008 828 3064 et
847 3019 967 3066 meram
988 3008 1019 3065 te
1040 3011 1142 3066 vertas
1162 3019 1251 3081 aeque
1273 3008 1303 3065 te
1327 3020 1344 3066 a
1368 3021 1423 3083 spe
1445 3004 1604 3083 repulsum

335 3102 474 3165 habebis.
492 3103 610 3182 Quippe
626 3103 708 3164 inter
723 3100 868 3180 profanos
881 3100 1049 3180 scriptores
1066 3100 1180 3180 lyricus
1199 3106 1326 3180 apparet
1342 3101 1397 3162 vix
1415 3117 1498 3164 unus
1520 3101 1608 3182 (nam

337 3215 395 3261 nec
410 3199 539 3279 Sulpicii
553 3200 697 3279 Luperci,
714 3215 772 3260 nec
786 3201 875 3262 Pocae
889 3216 1005 3262 nomen
1020 3199 1158 3278 prolerre
1174 3198 1286 3278 decet),
1303 3198 1461 3262 Ausonius
1474 3200 1601 3275 scilicet,

335 3297 417 3358 idem
430 3297 496 3374 qui,
509 3297 653 3359 tiburtini
665 3296 737 3358 salis
753 3313 816 3358 uon
831 3295 909 3359 adeo
920 3297 1095 3370 immemor,
1105 3296 1211 3373 jocoso
1224 3297 1341 3375 plectro
1351 3298 1603 3378 servumpigrum

331 3395 494 3473 seriusque
517 3395 723 3459 dormientem
747 3395 921 3474 increpitat,
948 3395 1036 3474 parvi
1059 3395 1204 3475 ponderis
1229 3414 1317 3477 opus,
1341 3401 1443 3458 tamen
1468 3397 1604 3461 intanta

328 3491 492 3569 ieiunitate
506 3499 640 3571 gratum.

374 3587 453 3651 Sunt
478 3590 624 3667 equidem
650 3590 789 3668 elegiaci,
824 3607 889 3653 uon
912 3592 1015 3670 pauci,
1043 3609 1107 3655 non
1132 3592 1302 3655 temnendi.
1334 3594 1505 3656 Memorare
1528 3592 1605 3655 libet

331 3686 462 3749 Ausonii
477 3687 716 3767 Epigrammata,
732 3687 907 3768 Epitaphia,
924 3690 1042 3768 idyllia,
1055 3690 1203 3770 pleraque
1218 3690 1361 3768 elegiacis
1373 3690 1524 3766 numeris,
1538 3707 1603 3752 non

330 3784 397 3847 sine
412 3785 516 3859 lande,
539 3785 692 3848 adstricta.
717 3785 818 3846 Placet
836 3791 866 3846 et
886 3785 1060 3862 Claudiani,
1083 3803 1147 3848 non
1165 3803 1319 3850 summam
1338 3788 1528 3867 ldylliorum,
1548 3789 1603 3850 sed

337 3884 529 3944 Verooeosem
547 3883 650 3945 Senem
669 3883 702 3945 in
717 3882 901 3944 memoriam
922 3900 1079 3946 revocare.
1097 3885 1268 3948 Fatendum
1287 3891 1453 3948 esttamen
1474 3885 1603 3963 huiusce

330 3981 415 4042 modi
436 3995 540 4059 opera,
566 3980 659 4041 tertio
680 3981 786 4043 seculo
806 3986 837 4042 et
856 3987 968 4058 quarto
988 3981 1101 4062 saepius
1124 3982 1266 4046 ridiculis
1280 3982 1358 4061 jocis
1379 3989 1409 4046 et
1429 3984 1603 4063 puerilibus

331 4077 492 4156 praestigiis
508 4077 693 4138 deformatos
714 4083 744 4138 et
766 4078 985 4140 dehonestatus
1007 4079 1112 4142 luisse.
1129 4079 1223 4142 Adest
1244 4080 1398 4143 Publilius
1415 4080 1603 4160 Porphyrius

331 4171 522 4253 Oplatianus,
545 4191 651 4238 merus
672 4175 768 4249 laber,
797 4175 851 4251 qni
875 4175 989 4237 misero
1016 4174 1225 4258 Ἀκροστιχίδος
1249 4178 1352 4240 studio
1375 4178 1487 4254 uritur,
1505 4178 1601 4240 immo

331 4271 435 4350 idyllia
448 4273 639 4352 adspricpts,
658 4273 778 4351 organi,
793 4272 926 4334 aliarum
938 4289 1044 4335 rerum
1056 4273 1187 4336 formam
1199 4275 1284 4338 dolat
1293 4281 1323 4338 et
1335 4276 1495 4339 construit.
1508 4274 1603 4338 Adest

330 4370 506 4444 Pentadius,
525 4385 642 4432 novum
657 4375 688 4432 et
701 4369 846 4432 mirabile
861 4375 1035 4433 monstrum
1050 4372 1162 4434 nostris
1178 4373 1328 4451 objiciens
1343 4373 1452 4448 oculis,
1475 4391 1600 4436 carmen

329 4467 543 4547 serpentinum
557 4467 684 4542 scilicet,
701 4467 743 4529 ita
758 4465 941 4546 dispositum
956 4474 1001 4544 ut,
1018 4468 1107 4547 quasi
1123 4469 1252 4546 circulo,
1270 4471 1413 4534 desinens
1424 4472 1463 4534 ad
1474 4471 1600 4534 initium

359 4627 390 4690 (¹)
408 4627 533 4678 Prolsnis
551 4627 731 4692 scriptoribus
746 4625 977 4686 annumerandus,
990 4642 1051 4678 oum
1069 4630 1134 4694 quia
1149 4629 1249 4688 senior,
1263 4633 1295 4680 ut
1309 4630 1600 4696 conJicitur,Christic-

328 4716 381 4758 nus
392 4708 480 4758 lactus
491 4712 541 4767 est,
555 4713 612 4757 tum
624 4707 696 4772 quod
710 4720 795 4772 prope
808 4707 882 4757 nulle
894 4707 1050 4760 christianae
1063 4708 1125 4760 lidei
1137 4711 1251 4774 vestigia
1263 4712 1323 4775 ejus
1336 4711 1363 4760 in
1376 4713 1505 4776 operibus
1522 4723 1601 4776 repe·

331 4787 449 4839 riuntur.
