3640 5670
858 482 1036 543 -taa-

246 659 248 662 .
311 594 439 660 alternis
448 601 592 660 constans
603 595 635 676 (‹
647 598 716 660 Noa
726 596 800 660 ebur
809 615 900 676 neque
911 615 1037 659 onrerna
1049 599 1117 662 Men
1127 596 1242 658 renidet
1252 596 1286 657 in
1296 595 1380 658 domo
1394 596 1524 658 lacunar
1534 594 1579 674 s),

310 694 369 755 noc
385 700 502 757 tantum
517 693 696 756 discrimine
711 696 791 773 quod
809 694 953 757 Horatius
967 695 1029 774 (vel
1046 693 1147 774 potius
1163 692 1280 756 Horatii
1297 693 1458 770 editores),
1474 691 1582 756 nescio

268 847 269 850 ,
310 808 402 872 quam
415 793 454 855 ob
466 810 601 871 causam,
616 794 676 856 hoc
690 800 822 857 metrum
837 809 893 874 per
906 793 1046 873 strophas
1061 809 1077 854 1
1096 801 1230 872 quatuor
1243 792 1385 855 versibus
1405 797 1583 854 constantes

309 891 466 968 discernit,
482 890 639 954 Prudentii
654 898 760 955 eontra
775 889 920 970 editores,
933 897 1027 970 recte,
1040 897 1089 953 me
1104 889 1233 969 arbitro,
1245 897 1378 953 metrum
1394 887 1579 953 continuum

309 989 427 1053 iaciunt
441 995 475 1053 ut
490 989 523 1052 in
539 989 715 1054 Horatianis
729 989 835 1070 epodis
852 1009 859 1051 :

733 1127 870 1180 Immolet
882 1129 940 1180 Deo
952 1127 1030 1192 patri

662 1203 743 1286 Pius,
755 1217 862 1286 fidelia,
877 1217 1028 1286 innocens,
1039 1213 1166 1282 pudicus

625 1347 627 1352 .
731 1306 813 1358 Dona
825 1306 1012 1358 conscientiae

667 1432 1010 1449 ....................
1029 1390 1191 1466 (Epiloyos)

348 1529 437 1592 Nunc
456 1529 495 1592 ad
513 1525 635 1608 singula
651 1525 813 1590 veniamus
836 1532 977 1607 poemata
1002 1525 1109 1608 lyrica,
1128 1533 1159 1590 et
1184 1526 1340 1604 quomodo
1365 1526 1442 1590 fides
1468 1525 1581 1590 latinas

309 1626 495 1692 Prudentius
511 1623 669 1690 trataverit
680 1623 944 1706 introspiciamus.

515 1830 599 1914 §xl
616 1867 656 1876 —
669 1830 721 1912 (Α)
735 1832 778 1893 De
791 1832 941 1911 soppttcts
956 1831 1056 1912 (Gatlr.
1073 1831 1153 1910 lllll,
1169 1830 1279 1896 Perist.
1295 1831 1361 1912 IV.)

346 2019 488 2083 Studiose
499 2025 529 2082 et
543 2021 682 2083 restricte
697 2026 800 2083 servat
813 2021 906 2099 hujus
914 2020 1085 2100 systematis
1099 2019 1192 2100 leges.
1206 2007 1362 2084 Caesuram
1372 2017 1576 2099 heptemime-

306 2133 372 2180 rem
392 2117 479 2198 ponit
499 2135 621 2198 semper
639 2116 672 2179 in
695 2116 868 2199 sappbicis3
891 2117 1055 2181 elisionem
1075 2118 1113 2182 ad
1135 2135 1285 2182 caesuram
1308 2116 1381 2182 lacit
1399 2132 1579 2196 nunquam3

307 2223 388 2278 recte
407 2215 573 2279 adonicum
594 2217 632 2280 ab
651 2223 789 2298 extremo
814 2216 959 2298 sapphico
987 2216 1133 2298 secernit,
1156 2217 1278 2281 hiatum
1306 2217 1345 2281 ad
1371 2216 1467 2280 finem
1498 2213 1581 2278 tertii

306 2312 444 2394 sappbioi
459 2313 565 2378 sinens
581 2331 671 2376 esse:
756 2334 760 2340 ·
1047 2337 1055 2352 =

550 2442 651 2510 Ardet,
666 2447 696 2495 et
708 2443 843 2507 splendor
857 2443 959 2506 parilis
974 2445 1102 2496 duorum

622 2535 694 2596 Igne
707 2544 836 2585 corusco.
850 2529 974 2600 (Perist.
989 2535 1037 2601 IV,
1052 2532 1098 2602 27)

346 2659 492 2740 Strophas
506 2657 589 2720 inter
600 2675 645 2739 se,
658 2661 741 2739 quod
753 2677 814 2724 non
826 2677 893 2724 mos
905 2663 1091 2727 Horatianus
1101 2662 1207 2744 erigit,
1222 2663 1384 2728 enucleate
1398 2663 1580 2756 interpunc-

309 2759 392 2822 tione
400 2756 546 2836 secernit,
555 2773 625 2820 cum
635 2758 715 2820 hanc
734 2761 992 2824 consuetudinem
1008 2763 1149 2842 strophas
1166 2763 1345 2828 monocolas
1363 2763 1579 2843 componendo

308 2856 435 2939 ceperit.
447 2855 582 2918 Perrarae
596 2863 668 2919 sunt
682 2857 890 2937 exceptiones,
903 2866 935 2921 et
948 2859 1021 2940 ipse
1036 2869 1186 2940 venustae,
1198 2860 1311 2943 leporis
1326 2878 1418 2926 causa
1430 2859 1579 2941 quaesitae,

309 2972 372 3019 non
388 2955 532 3018 fortuitae.
548 2954 698 3036 Exempla
712 2949 785 3018 sunt
802 2975 809 3017 :

503 3087 579 3150 Ergo
593 3096 630 3136 111
642 3085 749 3137 limum
762 3084 899 3151 fragilem
913 3088 1021 3152 solutae

501 3176 643 3227 Desierant
656 3174 733 3226 vires
746 3178 775 3227 et
788 3188 918 3241 aquosus
931 3177 1008 3229 albis

504 3265 616 3316 Humor
628 3263 659 3314 in
671 3264 756 3316 venis
769 3263 938 3319 dominetur
951 3279 1067 3331 aegrum

628 3353 739 3416 Corpus
752 3353 902 3423 inerrans,

506 3443 604 3492 Laxus
617 3453 649 3494 ac
661 3441 735 3494 liber
749 3442 855 3494 modus
867 3444 1036 3498 abstinendi

469 3566 473 3572 -
504 3532 627 3583 Ponitur
639 3530 764 3594 cunctis,
780 3544 874 3595 neque
887 3545 941 3584 nos
954 3547 1075 3588 severus

503 3622 606 3672 Terror
618 3619 755 3688 impellit,
767 3632 823 3672 sua
836 3633 982 3687 quemque
995 3625 1075 3689 cogit

617 3709 706 3761 -Velle
718 3715 847 3774 potestas
861 3705 1039 3782 (Curatur,
1061 3712 1106 3783 61)

311 3807 422 3870 Conler
434 3805 680 3884 peristephanon
694 3805 745 3883 lll,
761 3807 780 3868 8
798 3824 804 3866 :

505 3935 592 3986 Plena
604 3947 783 4000 magnorum
795 3934 901 3988 domus
914 3939 1089 4008 angelorum

505 4025 568 4076 Non
580 4024 667 4078 timet
678 4025 783 4076 mundi
795 4024 910 4090 fragilis
924 4027 1052 4098 ruinam,

504 4116 558 4166 Tot
570 4113 641 4166 sin'u
652 4117 774 4178 gestans
787 4114 878 4166 simul
890 4117 1036 4170 offerenda

627 4202 748 4253 Munera
761 4201 888 4270 Christo,

504 4292 579 4343 Cum
591 4292 669 4343 Deus
682 4289 817 4343 dextram
831 4293 967 4357 quatiens
980 4306 1131 4348 coruscam

505 4381 587 4432 Nube
600 4379 747 4432 subnixus
758 4380 856 4434 veniet
868 4383 993 4436 rubente

464 4497 467 4504 ·
503 4469 647 4522 Gentibus
658 4469 772 4533 justam
785 4470 937 4532 positurus
950 4485 1034 4538 aequo

627 4559 754 4611 Pondere
766 4558 882 4616 libram.
898 4558 1019 4627 [Perist.
1034 4567 1081 4634 tv,
1096 4562 1124 4634 8)

350 4682 401 4746 Nil
415 4683 453 4746 de
467 4681 621 4763 sapphicis
635 4681 729 4762 igitur
743 4681 833 4746 uoltis
846 4684 1013 4748 dicendum
1027 4687 1088 4750 nisi
1102 4688 1246 4768 religiose
1262 4690 1294 4755 in
1310 4693 1368 4756 nac
1387 4711 1420 4757 re
1435 4695 1574 4761 Pruden-

309 4781 388 4846 tium
403 4779 526 4864 optimae
538 4779 635 4844 aetatis
648 4797 715 4843 sese
730 4780 916 4846 imitatorem
932 4784 1112 4864 praebuisse.
