3640 5670
752 557 931 620 -117-

244 671 488 753 llonosyllabum
512 679 540 736 tc
559 674 654 737 semel
673 673 757 737 elisit
776 674 902 756 (Apoth.
925 675 1013 757 355);
1039 674 1092 755 qai
1111 671 1206 738 semel
1228 671 1313 754 (Ditt.
1341 671 1426 754 105),
1445 689 1476 735 sc

204 771 324 835 crebro.

242 869 330 945 Quod
345 872 383 935 ad
398 872 601 952 quantitatem
616 871 763 938 elisarum
776 872 964 954 syllabarum
979 874 1045 936 haec
1056 871 1233 936 observavi:

243 969 337 1033 hlulto
363 972 476 1052 saepius
497 973 607 1035 breves
629 990 722 1052 quam
736 973 844 1052 longas
858 973 958 1051 elidit,
973 972 1072 1035 multo
1087 977 1118 1034 et
1132 971 1246 1052 sapius
1261 970 1368 1050 longas
1382 985 1476 1049 quam

202 1066 334 1146 syllabas
349 1087 410 1142 cm,
429 1087 487 1148 em,
511 1088 573 1146 rm,
600 1072 651 1133 im.
678 1071 747 1135 Tria
769 1069 866 1134 millia
892 1071 1015 1134 circiter
1038 1085 1187 1133 versuum
1210 1070 1295 1132 hunc
1319 1069 1358 1132 ad
1381 1069 1476 1130 sunem

202 1181 380 1244 recensens,
388 1166 537 1232 elisiones
550 1169 609 1233 aba
623 1187 679 1252 per
693 1171 820 1233 brevem
835 1170 953 1247 notavi,
967 1169 1006 1232 89
1019 1187 1075 1251 per
1088 1169 1212 1248 longam
1227 1168 1304 1251 (iere
1314 1183 1477 1246 nunquam

203 1279 260 1343 per
274 1273 309 1340 te,
327 1266 376 1345 oe,)
393 1282 449 1348 per
460 1267 593 1347 syllabas
609 1268 640 1330 in
655 1287 685 1332 m
700 1269 749 1333 32.

242 1362 399 1444 Pleraeque
414 1366 575 1430 Prudentii
589 1366 746 1446 elisiones,
763 1369 846 1449 quod
861 1369 897 1431 ad
915 1369 1108 1431 hexametros
1127 1365 1250 1443 attinet,
1272 1365 1305 1428 in
1324 1363 1425 1446 primo
1446 1370 1478 1427 et
1533 1367 1535 1372 '

204 1462 340 1526 secundo
355 1464 433 1543 pede
447 1471 532 1544 sunt,
547 1465 681 1530 rariores
696 1466 728 1529 ln
744 1467 866 1543 ceteris,
879 1467 932 1530 scd
947 1484 986 1530 ex
1001 1465 1112 1529 ceteris
1127 1482 1190 1528 non
1205 1463 1237 1528 in
1253 1462 1315 1528 alio
1330 1479 1423 1543 quam
1442 1463 1475 1525 in

204 1557 265 1621 alio
281 1559 517 1639 frequentiores,
535 1571 569 1627 ut
583 1551 751 1629 indiscrete
766 1565 883 1646 positae.

244 1656 412 1739 Pleraeque,
429 1661 512 1740 quod
527 1663 564 1726 ad
579 1662 691 1742 lyricos
705 1664 827 1743 attinet,
842 1680 913 1726 curn
929 1680 1045 1726 caesura
1060 1663 1186 1738 cadunt,
1199 1659 1367 1724 Horatiano
1379 1675 1475 1722 more.

206 1756 283 1820 Vide
313 1758 402 1822 Gath.
423 1761 447 1838 l,
471 1761 530 1824 68:
561 1761 738 1825 beristrrm
761 1763 870 1825 red-isse
894 1779 933 1824 aar
955 1763 1061 1842 inseris
1076 1784 1104 1836 ι,
1129 1760 1194 1823 ibid
1219 1760 1275 1823 70;
1300 1758 1406 1820 «Tum
1430 1759 1478 1820 lec

205 1854 389 1921 subarraret
407 1859 575 1923 Tartari».
591 1859 679 1935 Quod
695 1878 770 1938 non,
785 1877 836 1923 mo
851 1859 969 1940 judice,
985 1858 1112 1923 lortuito
1127 1856 1254 1923 advenit
1265 1864 1313 1921 ter
1327 1856 1425 1922 tribus
1440 1871 1478 1918 ex

205 1952 316 2017 ordine
330 1955 472 2022 versibus
486 1957 588 2037 (Goth.
605 1959 655 2036 lll,
670 1959 721 2036 97,
734 1959 785 2035 98,
801 1959 869 2040 99);

555 2093 635 2144 Hunc
646 2106 728 2158 quem
740 2092 860 2150 latebris
871 2098 898 2144 et
909 2093 1042 2144 obstetrix

555 2172 589 2223 111
601 2173 676 2238 virgo
687 2173 793 2237 scilcet
804 2173 911 2226 cunulae

555 2253 589 2305 ut
601 2253 751 2309 imbecillia
761 2254 883 2307 insontia.

506 2443 575 2524 SV.
595 2479 623 2490 —
641 2443 685 2508 lle
697 2461 799 2508 versos
813 2461 953 2528 compuqc
964 2445 1176 2528 (llccumctrr').

246 2631 423 2696 Hexametri
439 2632 598 2698 Prudentii
613 2641 734 2715 aequato
749 2635 813 2698 iere
833 2634 977 2699 examine
998 2635 1189 2715 dactylorum
1209 2638 1241 2697 et
1260 2633 1478 2714 spoudaeorum

207 2728 378 2794 admixtum
399 2733 549 2812 praebent.
573 2734 690 2814 Nempe
714 2735 863 2811 115117,
888 2733 1089 2808 hexametris,
1118 2731 1197 2797 3010
1217 2748 1256 2796 ex
1276 2730 1351 2795 hinc
1379 2732 1479 2796 tribus

206 2828 359 2909 spondaeis
373 2829 473 2896 tribus
488 2830 575 2895 illinc
589 2831 716 2911 dactylis
731 2839 884 2895 constant.
898 2832 986 2907 Quod
998 2832 1037 2896 ad
1048 2833 1127 2897 2137
1139 2837 1270 2910 ceteros,
1284 2830 1361 2895 l092
1375 2829 1480 2911 plures

207 2927 367 3008 spondaeos
382 2930 507 3002 habent,
529 2929 606 2993 tota
628 2930 732 3011 plures
750 2929 898 3008 dactylos.
919 2930 1045 2994 Constat
1063 2946 1136 3009 erqo
1151 2927 1367 3007 Prudentium,
1387 2943 1479 3008 quem

207 3024 319 3106 saepius
347 3027 511 3110 ἀρχαισμῶν
533 3044 698 3108 aucupem,
714 3030 797 3109 quod
813 3030 851 3092 ad
867 3028 961 3091 verba
982 3027 1104 3106 attinet,
1118 3024 1393 3108 deprehendimus,
1414 3042 1479 3089 non

207 3122 333 3201 Catulli,
352 3124 403 3186 rel
424 3125 559 3205 Virgilii,
582 3127 667 3206 quod
688 3127 726 3190 ad
747 3143 855 3190 versus
875 3131 1072 3204 structuram,
1096 3123 1254 3205 exemplar
1274 3123 1376 3203 sequi,
1398 3123 1479 3205 apud

208 3239 285 3303 quos
299 3222 403 3303 louge,
420 3231 454 3287 ut
468 3223 628 3287 neminem
642 3224 732 3305 sugit,
747 3225 912 3306 spondaeus
927 3223 1035 3305 pollet,
1050 3223 1103 3286 sed
1118 3221 1234 3303 potius,
1248 3221 1274 3284 si
1289 3238 1353 3286 non
1365 3220 1480 3298 Ovidii,

183 3321 337 3402 dactylis
359 3322 515 3396 scatentis,
542 3323 632 3387 Statii
652 3324 761 3386 saltem
785 3323 934 3387 aemulum
959 3339 992 3386 se
1015 3323 1166 3404 praebere,
1190 3321 1270 3402 apud
1296 3338 1390 3402 quem
1415 3320 1480 3401 pari

209 3437 340 3484 numero
354 3420 492 3502 spondaei
508 3429 539 3483 ct
552 3421 665 3503 dactyli
679 3430 895 3487 numerantur.

248 3518 278 3583 Sl
320 3518 441 3600 singula
482 3530 623 3601 poemata
670 3521 885 3602 discutiemus,
932 3520 1095 3595 constabit,
1145 3519 1408 3601 quemadmodum
1450 3517 1483 3580 in

209 3617 419 3682 controuersia
433 3625 464 3681 ot
479 3619 711 3683 concertatoriis
727 3619 868 3702 partibus
882 3620 1027 3684 elisiones
1042 3619 1146 3700 plores
1160 3634 1253 3697 quam
1269 3615 1345 3680 alias
1359 3633 1485 3680 versan-

207 3722 270 3794 tur,
284 3716 326 3780 ita
341 3715 452 3780 iisdem
466 3716 498 3779 in
513 3718 652 3799 partibus
662 3720 823 3800 spondaeos
834 3719 1081 3800 supereminere,
1092 3714 1270 3793 narrativis,
1280 3714 1380 3797 epicis
1390 3714 1482 3792 locis,

210 3815 365 3895 dactylum
380 3814 468 3894 quasi
489 3833 526 3878 ex
547 3817 670 3898 propria
686 3817 759 3880 sede
777 3818 959 3898 spondaeum
975 3819 1091 3896 [ngare.
1108 3812 1233 3876 Etenim
1247 3813 1433 3894 Apotheosis
1447 3830 1485 3876 ex

213 3913 288 3977 1081
317 3913 504 3977 hexametris
532 3921 662 3992 constat,
691 3931 825 3994 quorum
852 3913 919 3995 pari
948 3929 1079 3977 numero
1108 3910 1244 3990 dactylos
1271 3918 1303 3974 et
1324 3912 1486 3993 spondaeos

210 4011 327 4076 habeut
340 4011 411 4091 597,
431 4011 536 4092 plures
554 4014 717 4094 spondaeos
736 4013 852 4076 habent
871 4013 942 4091 170,
961 4011 1067 4092 plures
1086 4009 1220 4089 dartylos
1239 4008 1487 4089 1011111115-

211 4109 330 4174 crimen
345 4111 379 4171 iit
393 4110 567 4175 secundum
580 4112 762 4193 spondaeum
776 4113 832 4188 853

250 4208 482 4288 Hamartigenia
498 4210 606 4274 11966
620 4209 806 4274 hexametris
820 4215 951 4288 constat,
966 4223 1101 4289 quornm
1115 4207 1182 4288 pari
1198 4223 1330 4272 numero
1351 4206 1488 4286 dactylos

212 4313 243 4370 et
255 4309 419 4388 spoudaeos
431 4308 549 4371 habeut
562 4309 633 4387 530,
648 4309 753 4388 plures
766 4307 930 4391 spondaeos
944 4306 1062 4370 habent
1074 4304 1258 4386 20l,plures
1268 4302 1405 4384 dactylos
1416 4305 1486 4382 226,

212 4407 298 4470 unde
312 4406 480 4470 discrimen
494 4407 528 4468 tit
542 4408 715 4472 secuudum
730 4407 886 4487 dactylum
901 4407 958 4482 253

253 4505 503 4585 Psychomachia,
520 4523 587 4583 que
608 4512 670 4570 tota
689 4505 776 4586 epira
791 4518 850 4584 est,
870 4503 990 4584 dactylo
1010 4502 1182 4584 plurimum
1200 4501 1293 4578 iavet,
1314 4517 1396 4581 quae,
1417 4517 1489 4564 cum

213 4604 326 4668 01511
345 4603 536 4667 hexametris
561 4610 692 4682 constet,
718 4606 784 4686 pari
810 4619 942 4666 numero
957 4600 1094 4682 dactylos
1108 4608 1139 4663 et
1152 4599 1314 4682 spondaeos
1339 4600 1489 4662 hahentes

214 4720 322 4767 versus
340 4701 468 4766 exhibet
491 4704 564 4781 152,
587 4718 694 4766 versus
715 4702 769 4765 ubi
784 4703 950 4782 spondaeus
963 4699 1062 4781 pollet
1078 4698 1146 4775 103,
1161 4713 1269 4761 versus
1283 4697 1336 4760 ubi
1352 4697 1490 4777 dactylus

216 4801 313 4883 pollet
326 4801 396 4878 300,
413 4801 497 4863 unde
512 4799 679 4865 discrimen
694 4800 728 4862 lit
742 4800 915 4863 secundum
930 4798 1085 4878 dactylum
1103 4795 1169 4860 137.

257 4903 371 4967 Contra
387 4900 606 4981 Symmachum
622 4898 694 4963 libri
714 4900 777 4963 duo
794 4898 848 4979 qui
869 4899 906 4963 ad
927 4895 1186 4961 concertatorium
1205 4911 1302 4976 genus
1320 4894 1490 4976 pertinent,
