3640 5670
1173 431 1183 461 l

773 511 931 576 ...93-

211 667 388 716 sermonem
413 657 582 731 repararet,
602 649 783 730 virgiliique
809 657 839 712 et
865 648 982 712 Horatii
1005 647 1143 726 linguam
1168 661 1207 709 ex
1231 645 1365 723 integro,
1392 657 1485 722 qnam

213 751 441 815 accuratissime
452 757 566 830 posset,
576 750 764 812 restitueret.
778 747 865 823 Quod
877 765 938 811 uno
951 747 1038 826 signo
1050 745 1184 826 experiri
1196 744 1249 807 lini
1267 741 1356 806 licet:
1378 740 1490 820 ledtl

214 851 336 914 circiter
349 849 507 912 Prudentii
521 865 629 911 versus
644 848 759 928 legenti
780 847 834 910 tibi
850 847 901 909 vix
915 864 996 909 unns
1011 852 1042 908 et
1056 846 1135 909 alter
1149 843 1329 907 manifestus
1350 839 1487 904 soloecis·

207 961 282 1010 mus
295 955 448 1024 occurret,
465 963 556 1027 quem
571 963 737 1009 numerum
752 945 1008 1025 decemplicatum
1028 945 1147 1008 utinam
1162 943 1292 1022 quisque
1309 951 1487 1004 ceterorum

213 1052 333 1108 tantum
355 1045 500 1123 attigerit.
526 1045 592 1118 Quo
618 1044 710 1122 dioto,
726 1045 809 1123 quod
830 1043 946 1122 legenti
967 1043 1082 1105 suadeo
1102 1048 1136 1104 ut
1156 1040 1284 1120 posthac
1305 1039 1484 1102 meminisse

215 1145 341 1219 nitatur,
354 1143 482 1206 mendas
500 1143 549 1205 vel
565 1159 599 1206 ea
627 1159 695 1222 quse
717 1150 810 1205 eutra-
830 1157 970 1204 normam
991 1147 1157 1204 versantur
1178 1139 1259 1219 apud
1282 1137 1489 1202 Prudentium

216 1259 417 1322 recognosco.

255 1339 343 1417 Sunt,
364 1348 398 1402 ut
422 1339 496 1413 diui,
517 1339 694 1412 soloecismi,
718 1340 850 1419 perrari,
877 1361 889 1396 ι
909 1338 1037 1402 maculae
1062 1355 1138 1418 quas
1164 1337 1284 1400 incuria
1310 1335 1436 1399 indit».
1454 1337 1489 1399 ln

216 1438 454 1518 Hamartigenia,
482 1437 667 1501 Prudentius
687 1438 868 1501 haereticum
894 1437 1059 1517 quemdam
1086 1435 1262 1525 allocutus:
1296 1435 1412 1512 «Esse,
1436 1433 1489 1512 ait,

215 1538 291 1600 duos
310 1537 390 1600 Deos
408 1537 582 1614 contendis,
599 1537 712 1600 malurn
734 1539 908 1601 alterum...·
922 1545 970 1600 cst
983 1553 1041 1598 suu
1058 1537 1181 1616 pictatis
1201 1551 1314 1597 umor·
1337 1535 1389 1616 (Η.
1408 1532 1490 1614 tao).

216 1671 256 1681 —
270 1636 337 1698 Alii
349 1651 406 1715 pro
421 1635 525 1698 citeri.

255 1735 289 1796 ln
303 1733 411 1814 Psych.
427 1733 512 1814 (785)
527 1753 533 1795 :
558 1756 569 1789 ι
584 1749 700 1804 cursous
716 1734 807 1797 litore
820 1735 880 1796 Deo
895 1735 1038 1798 mactatis
1052 1735 1118 1797 cult
1134 1733 1358 1796 holocaustis...
1375 1755 1386 1790 i

256 1833 353 1910 liujus
368 1833 489 1912 quisquc
507 1848 563 1911 pro
578 1833 711 1914 quisquis
726 1835 865 1912 exempla
881 1835 1006 1914 quidem
1021 1833 1060 1915 (1)
1076 1834 1131 1897 sed
1152 1849 1215 1896 ncn
1235 1834 1415 1911 Horatiana,
1432 1847 1492 1894 neo

199 1930 384 2010 ‘virgiliana
401 1933 584 1994 offeruntur.
1041 1963 1042 1968 κ

254 2031 320 2092 Jam
344 2029 440 2092 miror
464 2030 657 2108 Propertium
679 2029 817 2094 dixisse:
842 2031 922 2095 «tini
949 2049 1092 2094 curarum
1117 2030 1211 2098 millia
1238 2039 1352 2111 quanta
1374 2031 1487 2094 dabit»

216 2129 254 2209 (l,
269 2130 300 2206 5,
319 2129 378 2209 ΙΙΙ).
395 2129 434 2191 At
448 2129 549 2194 minus
566 2130 733 2192 Prudentio
750 2147 841 2210 parco
856 2148 913 2210 pro
928 2131 1040 2194 talibus
1055 2131 1138 2194 ausis
1157 2151 1165 2194 :

412 2269 546 2334 Quantos
560 2286 683 2338 quaeque
695 2273 771 2328 ferat
783 2275 900 2328 fructus
914 2276 1076 2341 provincio.
1088 2315 1094 2327 .
1105 2315 1129 2328 ..

413 2361 522 2414 Indicio
535 2365 580 2414 est
592 2375 811 2415 annona.....:
823 2403 1023 2417 ............
1043 2362 1088 2430 (C.
1104 2361 1137 2419 S.
1152 2365 1215 2432 951,
1229 2362 1291 2434 953)
1365 2411 1366 2416 ,

411 2451 528 2512 Quanta
541 2451 639 2514 vinum
651 2453 768 2516 jaceant
781 2455 930 2518 congestis
944 2467 1063 2518 corpora
1075 2455 1188 2508 acervis

412 2538 502 2590 Nosse
515 2539 584 2592 licet
590 2577 1092 2594 .............................
1112 2541 1161 2613 (P.
1177 2546 1228 2613 xl,
1245 2542 1288 2614 11)

259 2677 362 2739 Palam
384 2687 440 2750 est,
458 2696 528 2742 oum
549 2680 587 2742 de
608 2682 794 2760 martyribus
819 2683 850 2743 in
876 2685 1062 2746 catacumbis
1084 2685 1247 2764 congestis,
1265 2701 1327 2749 non
1354 2686 1392 2748 de
1414 2685 1495 2749 bello

219 2775 374 2854 giganteo,
392 2793 441 2838 res
457 2779 638 2866 sit,quocto
652 2795 709 2857 pro
724 2787 795 2859 quot
810 2780 978 2860 improprie
992 2792 1173 2862 usurpatum
1188 2801 1268 2848 esse.

259 2875 392 2939 Videtur
405 2877 497 2938 etism
514 2877 766 2956 conjunctionum
782 2881 845 2940 uim
865 2881 1051 2944 Prudentius
1071 2883 1227 2946 interdum
1248 2884 1412 2948 oblivisci:
1433 2901 1496 2948 non

222 2975 317 3036 semel
335 2976 418 3036 euim
435 2974 475 3036 itu
492 2976 649 3056 loquitur:

416 3124 543 3174 Furorne
556 3135 704 3186 summus,
720 3124 826 3176 ultima
839 3129 868 3178 et
881 3124 1031 3180 dementia
1045 3133 1091 3181 est
1144 3101 1151 3120 ⁸

415 3213 489 3264 Deos
501 3215 607 3276 putare
621 3213 671 3278 qui
684 3216 822 3265 creantur
836 3215 958 3278 nuptiis.
977 3213 1026 3285 (P.
1043 3219 1078 3282 X,
1093 3216 1157 3286 376)

260 3360 633 3437 Nonuc,velobstantibus
648 3362 830 3441 quibusdam
844 3364 1126 3446 exemplisfftmihi
1142 3367 1493 3433 videturnecessarium.

263 3457 340 3520 Sunt
360 3462 462 3538 etiam,
484 3463 539 3524 sed
558 3478 619 3524 non
644 3460 826 3540 virgiliano,
841 3469 1068 3542 quaetueantur
1090 3468 1237 3547 oclutpro
1254 3469 1342 3548 quusi
1356 3469 1406 3550 (3).
1425 3469 1499 3542 Quae

128 3637 134 3648 ⁹
223 3573 317 3635 prave
333 3559 521 3623 Prudentius
536 3560 671 3622 imitatus
688 3568 735 3621 est
751 3580 758 3622 :

476 3700 558 3760 Velut
572 3705 690 3760 'retortis
704 3707 825 3762 intuens
838 3711 994 3766 obtutibus

470 3799 591 3849 Avertat
604 3810 654 3849 ora
666 3798 701 3849 de
714 3798 830 3851 litantis
844 3801 949 3857 hostia.
967 3799 1016 3871 (P.
1032 3807 1067 3866 Χ,
1082 3801 1145 3873 288)

265 3949 394 4027 insuper
418 3947 657 4010 minuscurare
685 3947 888 4012 Prudentium
920 3953 1088 4016 credideris
1114 3960 1147 4017 ut
1171 3954 1331 4020 corborum
1357 3962 1495 4036 tempora

226 4053 408 4126 congruant,
424 4047 447 4109 si
461 4049 585 4126 quidem
600 4048 640 4110 ita
657 4040 848 4125 periclitatur
864 4069 871 4111 :
895 4072 906 4106 u
920 4049 978 4112 Hic
991 4051 1083 4137 druco
1101 4054 1234 4134 perfidus
1250 4056 1378 4118 indocile
1399 4057 1498 4137 Virqr'-

226 4144 273 4205 cis
298 4145 398 4207 inlicit
422 4145 585 4224 inpendunt,
620 4146 658 4206 Ut
679 4145 793 4208 socium
817 4147 993 4210 malesuada
1019 4151 1120 4215 cirum
1145 4153 1288 4218 Mundcrc
1312 4172 1438 4218 cocunur
1462 4172 1500 4216 coc

226 4242 349 4304 vetitis»
371 4242 471 4323 (Ceth.
490 4244 606 4322 lll);·et
620 4235 751 4306 inferius
769 4265 775 4306 :
799 4267 810 4300 ι
829 4247 1055 4326 Toqmicosuto
1064 4259 1184 4332 parunt
1206 4245 1302 4332 soliis,
1320 4254 1449 4316 Dedecus
1466 4263 1501 4318 ut

223 4341 322 4420 pudor
332 4342 497 4404 occuleret»
521 4341 622 4422 (Ceth.
640 4342 691 4420 ΙΙΙ,
711 4342 771 4418 Ι9).

267 4440 331 4501 Hoc
346 4438 473 4519 insuper
486 4440 560 4502 vitio
573 4441 692 4504 laborat
702 4443 901 4523 Prudentius,
912 4463 972 4525 quo
987 4447 1125 4528 plerique
1142 4451 1223 4513 tertii
1239 4457 1270 4513 et
1282 4453 1382 4533 quarti
1399 4453 1496 4516 seculi

257 4617 287 4680 (1)
298 4617 419 4669 Plautus.
432 4618 509 4669 Miles
520 4619 626 4684 glorios,
641 4620 675 4678 ΙΙ,
689 4620 713 4680 2,
725 4622 752 4680 5;
767 4621 824 4672 Sid.
838 4623 886 4688 Ep.
901 4624 948 4683 IV,
964 4626 1000 4676 ll.

256 4698 287 4761 (²)
300 4699 420 4750 Plautus.
432 4695 530 4764 'Amplu
545 4701 565 4758 I,
578 4701 602 4761 3,
615 4702 640 4750 ll
653 4722 657 4748 ι
671 4697 751 4753 Satin
763 4703 873 4756 lrobcsst'
881 4705 1050 4772 feminarum
1060 4709 1135 4761 nullu
1145 4711 1174 4762 'st
1183 4724 1266 4776 quom
1274 4725 1346 4777 arque
1356 4712 1496 4778 diliquru?

233 4861 246 4910 5
248 4779 290 4910 ἐξ)
302 4777 402 4834 Tituli.
415 4779 434 4838 Ι,
446 4781 469 4841 6,
481 4781 519 4830 ²25.
530 4777 601 4847 Scpc
612 4781 681 4833 vcltct
691 4795 810 4848 pcrnmas
820 4785 877 4851 opus
887 4790 1046 4856 siqnuutquc
1055 4792 1243 4858 produrcm...;
1263 4794 1341 4846 Ouid.
1360 4795 1429 4847 llos.
1448 4797 1495 4860 IV,
