3640 5670
759 534 936 596 -lal-

217 640 391 731 composuit
412 667 469 733 per
491 653 632 734 strophas
656 659 789 733 quatuor
810 667 958 715 versuum
980 648 1163 714 distributis.
1185 647 1264 712 Halo
1282 647 1409 728 hymno,
1430 643 1484 727 qui

215 754 349 812 ceterum
362 750 449 829 quasi
461 758 609 832 cognatus
620 752 901 814 Prudentianorum
917 755 975 828 est,
994 755 1025 810 et
1043 764 1124 830 saepe
1134 745 1301 810 Prudentio
1312 744 1484 824 assignatus

212 853 258 908 est
287 847 371 928 (vide
397 849 509 926 Baehr)
537 849 574 932 (l)
603 850 843 929 incrementum,
872 856 906 912 ut
933 848 975 910 ila
1003 847 1116 926 dicam,
1142 844 1328 909 Prudentius
1352 843 1482 923 addidit,

211 946 367 1027 stropham
383 949 558 1028 producens
573 956 604 1012 et
618 949 729 1030 quinto
745 965 837 1013 versu
852 963 996 1026 gravans,
1011 962 1075 1010 non
1090 945 1157 1008 sine
1172 944 1293 1026 lepore:

565 1080 588 1132 0
601 1077 725 1131 crucifer
738 1077 823 1145 hone,
838 1075 988 1143 lucisator,

563 1167 770 1232 omniparens,
785 1163 842 1234 pic,
856 1165 1024 1232 verbigena,

564 1257 650 1310 Edita
663 1269 781 1320 corpore
794 1255 936 1320 virgineo,

563 1346 619 1399 Sed
632 1347 716 1410 prius
729 1345 760 1398 in
770 1345 905 1410 genitore
919 1347 1025 1408 potens

565 1437 653 1488 Astra
667 1435 764 1487 solum
776 1446 857 1486 mare
871 1445 961 1499 quam
973 1421 1087 1486 herent.
1103 1427 1203 1501 (Ceth.
1219 1433 1268 1500 ΙΙΙ,
1284 1427 1310 1499 1)

248 1563 346 1626 Pauca
362 1565 400 1627 de
416 1565 475 1627 hoe
490 1572 589 1628 metro
605 1565 735 1628 dicenda
750 1571 835 1644 sunt,
851 1581 922 1628 cum
935 1581 1031 1646 prope
1046 1563 1132 1626 nulla
1151 1568 1224 1626 sunt
1242 1561 1327 1624 illius
1341 1559 1482 1638 exempla

208 1666 279 1722 ante
305 1662 509 1725 Prudentium
536 1663 690 1742 (Septimii
720 1662 828 1726 Sereni
857 1661 979 1740 aliquos
1006 1678 1113 1725 versus
1137 1663 1169 1724 in
1195 1661 1292 1721 Poetis
1316 1655 1484 1720 minoribns

213 1759 413 1840 Wernsdori).
431 1760 505 1824 llild
520 1761 644 1825 ridetur
658 1779 722 1824 non
736 1760 831 1823 semel
847 1759 1032 1823 Prudentius
1046 1760 1078 1822 in
1095 1760 1154 1822 hoo
1168 1763 1279 1836 metro,
1294 1757 1377 1836 quod
1395 1772 1482 1819 mera

208 1873 323 1921 caesura
347 1858 587 1939 heptemimeres
610 1859 778 1924 hexametri
802 1866 859 1937 est,
879 1859 1033 1923 rationem
1056 1857 1227 1922 hexametri
1253 1862 1377 1920 secutus
1402 1869 1480 1931 esse,

207 1953 325 2018 scilieet
339 1973 489 2020 caesuram
506 1957 762 2022 trithemimerem
777 1975 837 2038 qua
853 1957 1092 2039 heptemimeres
1107 1955 1253 2019 fulciatur
1266 1952 1438 2034 quaesiisse:

562 2097 584 2149 0
599 2095 724 2149 crucifer
737 2096 812 2148 hone
824 2095 965 2148 lucisator

566 2185 768 2255 omniparens,
781 2185 839 2254 pie,
854 2186 1014 2250 verbigena
1025 2181 1124 2254 (Cato.
1141 2175 1191 2248 ΙΙΙ,
1207 2179 1233 2252 1)

564 2277 714 2330 Artificem
726 2277 878 2330 modulata
891 2289 981 2328 suum
994 2273 1094 2345 (Ceth.
1108 2278 1159 2344 ΙΙΙ,
1174 2270 1219 2341 35)

556 2365 723 2430 «impedient
735 2369 765 2418 et
778 2367 858 2420 abire
870 2370 974 2420 vetant
988 2362 1089 2437 (Ceth.
1104 2368 1154 2430 111,
1169 2360 1215 2432 45)

563 2454 746 2518 Supplicium
759 2455 817 2507 sihi
830 2455 915 2507 dulce
928 2458 991 2506 rata
1005 2449 1127 2522 (Perist.
1143 2454 1192 2519 ΙΙΙ,
1208 2448 1252 2520 15)

561 2543 707 2596 Canitiem
719 2543 862 2596 meditata
874 2555 981 2596 senum
991 2538 1114 2611 (Perdet.
1129 2544 1179 2609 ΙΙΙ,
1193 2542 1239 2610 25)

250 2673 483 2752 Nonnunquam
511 2674 790 2754 penthemimerem
818 2673 917 2754 ponit,
943 2672 1100 2754 trisyllabo
1129 2671 1280 2736 vocabulo
1309 2671 1348 2735 ad
1375 2685 1482 2733 versus

211 2771 305 2834 tinem
321 2770 453 2850 secluso,
468 2787 532 2834 non
548 2771 728 2835 infeliciter:

458 2903 497 2953 Te
510 2901 575 2954 sine
588 2901 673 2954 dulce
686 2901 773 2972 nihil,
786 2901 928 2954 Dominei
937 2897 1036 2971 (Cato.
1051 2905 1101 2970 Ill,
1116 2898 1161 2971 81)
1260 2917 1262 2922 ¹

248 3032 315 3094 Hoc
329 3031 420 3095 metri
435 3031 591 3114 praecipua
607 3032 704 3095 virtus
718 3039 765 3094 est
779 3033 925 3096 velocitas
939 3039 971 3096 et
983 3033 1129 3113 impetus,
1144 3033 1228 3097 unde
1244 3031 1322 3095 dixit
1334 3031 1429 3093 llbert
1443 3030 1480 3111 (t)

207 3136 343 3193 metrum
371 3131 504 3194 Eulaliae
538 3131 636 3193 indoli
668 3133 846 3195 vehementi
878 3139 908 3194 et
942 3132 1121 3212 procellosae
1151 3130 1369 3210 (stormtscben)
1399 3135 1481 3193 recte

208 3245 382 3306 congruere
398 3227 444 3308 (in
459 3229 567 3291 Perist.
582 3229 643 3308 lll).
667 3229 854 3294 Prudentius
875 3236 980 3294 autem
1000 3231 1065 3310 ipse
1084 3229 1209 3292 videtur
1229 3227 1403 3308 significare
1423 3227 1481 3289 hoc

194 3334 346 3391 ‘metrum
363 3328 548 3392 continuum
564 3337 595 3390 et
608 3334 677 3410 apte
692 3329 877 3410 implicitum
894 3346 960 3394 esse
975 3347 1045 3393 cnm
1059 3328 1151 3393 dicit:

562 3469 623 3519 Ista
638 3467 824 3519 comantibus
837 3480 852 3519 e
864 3467 942 3522 foliis

561 3557 683 3608 Munera
696 3557 780 3621 virgo
792 3569 924 3624 puerque
936 3557 1017 3610 date:

562 3646 618 3697 Ast
632 3657 686 3709 ego
698 3648 777 3698 serta
789 3645 877 3698 choro
889 3645 921 3698 in
932 3645 1029 3699 modio

562 3735 654 3786 Texta
666 3733 760 3786 feram
772 3733 844 3798 pede
858 3734 1001 3800 dactylico

555 3808 650 3892 utria,
664 3822 802 3890 marcida,
817 3823 892 3876 festa
906 3827 1007 3876 tamen
1021 3819 1144 3892 (Perist.
1159 3825 1209 3892 ΙΙΙ,
1222 3819 1284 3888 206)

266 4015 281 4096 S
295 4016 360 4078 XX.
377 4051 416 4061 -
431 4015 472 4097 (1)
487 4015 529 4078 De
542 4017 666 4095 stropha
679 4033 745 4095 qnae
758 4016 870 4080 dicitnr
883 4017 1076 4080 tetrastichon
1097 4017 1302 4080 documentum
1318 4016 1428 4095 (nitu.)

248 4201 301 4266 Nil
317 4203 488 4266 notandum
518 4201 601 4278 (uide
617 4221 709 4284 supra
725 4203 740 4284 ἓ
758 4204 806 4283 10,
822 4203 904 4284 519,
920 4205 935 4284 g
951 4206 982 4282 5,
999 4204 1014 4284 g
1029 4204 1060 4284 1)
1076 4203 1136 4267 nisi
1151 4204 1244 4286 paulo
1264 4205 1401 4284 pejorem
1422 4203 1481 4267 hoe

212 4300 244 4362 in
268 4318 360 4381 opere
379 4299 640 4364 versificationem
658 4319 735 4381 esse,
756 4303 839 4382 quod
859 4319 875 4366 a
896 4303 1037 4382 pluribus
1057 4303 1306 4367 animadversum
1327 4308 1372 4364 est
1396 4301 1481 4380 (ride

209 4398 322 4477 Baehr,
339 4417 367 4479 p.
384 4399 447 4479 82).
464 4398 497 4461 ln
512 4399 571 4461 hoo
594 4416 686 4482 opere
706 4401 790 4463 enim
809 4401 1015 4464 inveniuntur
1034 4420 1116 4466 unns
1130 4401 1360 4482 monosyllabas
1374 4401 1481 4480 elisus,

211 4503 242 4560 et
257 4496 310 4576 qui
328 4497 466 4560 ommino
482 4497 520 4561 ab
535 4496 667 4561 elisione
682 4500 839 4577 abhorret,
854 4497 971 4562 scilicet
985 4503 1054 4580 qni:

404 4636 488 4688 Caede
502 4639 691 4690 cruentatum
704 4637 815 4705 laudat,
831 4640 882 4702 qui
895 4639 1027 4691 evolvere
1040 4639 1150 4691 librum
1163 4636 1251 4707 (nato.
1267 4637 1328 4708 195)

239 4785 270 4846 (¹)
284 4783 435 4837 Gescdicbte
449 4788 496 4836 der
507 4785 663 4840 lldrnr'sodeo
674 4785 802 4838 litaretur
814 4802 840 4852 p.
853 4788 883 4838 tt
893 4793 920 4837 ct
931 4789 1016 4838 notul.
1029 4789 1051 4838 3.

240 4864 271 4930 (²)
289 4863 441 4918 Gesobt'ebte
451 4863 500 4918 der
512 4865 658 4919 dbrt'sttt'cb
670 4867 858 4918 lateiniscden
871 4867 1004 4927 litaretur,
1018 4882 1045 4933 p.
1055 4867 1109 4918 254.
