3640 5670
728 589 736 608 .
765 583 804 593 -
829 549 885 611 133
906 587 946 594 -—

264 657 372 722 Perist.
390 660 454 738 Xll,
470 661 509 724 59
526 682 533 724 :

370 787 373 792 ¹
418 808 475 861 Noe
488 809 524 860 ed
538 812 699 876 utrumque
712 815 812 865 temen
824 825 930 878 gressu
942 826 1131 879 properemus
1145 816 1266 870 incitato

223 952 277 1016 ubi
293 954 460 1020 consilium
474 956 672 1021 manifestum
686 965 742 1038 est,
758 966 799 1039 et,
814 977 864 1024 me
878 960 1007 1041 arbitro,
1022 962 1228 1044 probandum.

263 1054 345 1117 llore
371 1054 539 1119 Horatiano
566 1073 714 1122 cesuram
736 1059 1015 1141 penthemimerem
1033 1077 1156 1142 semper
1175 1062 1363 1127 archilochio
1384 1064 1495 1146 majori

223 1149 366 1233 imponit.

263 1255 389 1319 Horatio
409 1253 488 1318 libet
508 1261 675 1336 quaternos
698 1256 731 1320 in
754 1260 812 1320 hoc
833 1264 931 1321 metro
952 1273 1061 1322 versus
1081 1275 1244 1322 secernere
1266 1258 1381 1341 (Canu.
1406 1263 1427 1340 l,
1450 1264 1493 1346 h).

223 1353 409 1417 Prudentius
423 1353 609 1435 plerumque
624 1353 715 1419 hinos
730 1355 981 1438 interpunctione
996 1356 1141 1436 secernit,
1156 1356 1257 1421 rarius
1272 1367 1450 1439 quaternos.

392 1578 504 1662 §xvh
523 1615 560 1626 -
577 1580 623 1658 (P)
638 1581 681 1644 lie
696 1581 857 1660 Glycottt'co
868 1585 941 1646 κάτα
957 1585 1051 1672 σςίχον
1068 1581 1113 1663 (C.
1130 1581 1161 1646 S.
1177 1581 1215 1662 11,
1227 1583 1328 1668 prael.)

261 1783 462 1864 Glyconicum
477 1802 599 1868 semper
610 1787 654 1851 sic
668 1786 789 1852 scandit
799 1786 985 1852 Prudentius
1000 1815 1014 1824 ·
1035 1815 1048 1824 ·
1069 1816 1083 1824 ·
1100 1809 1114 1839 υ
1131 1809 1145 1840 υ
1165 1815 1179 1826 ·
1195 1809 1210 1840 υ
1226 1809 1240 1840 υ
1255 1790 1339 1870 quod
1351 1807 1417 1854 non·
1428 1791 1497 1856 sine

226 1881 318 1946 taedio
333 1891 388 1947 est.
406 1883 473 1948 Una
490 1885 630 1966 exceptio
644 1891 690 1948 est
705 1886 767 1966 (rel
781 1885 806 1949 si
822 1885 929 1949 Perist.
947 1885 998 1949 llll
1012 1886 1170 1968 respicias)
1182 1908 1189 1950 :
1202 1888 1386 1954 Prochaeum
1404 1890 1497 1954 hahet

225 1997 332 2046 versus
347 1982 386 2046 39
400 1984 591 2066 prelationis
604 1985 637 2048 C.
653 1985 684 2049 S.
702 1986 726 2048 ll

453 2207 580 2291 §xvh
597 2241 635 2253 -—
647 2207 700 2290 (d)
715 2209 757 2271 De
769 2214 864 2272 metro
880 2208 1073 2291 dippooactco
1088 2208 1261 2291 (Epilogus)

260 2413 330 2477 Non
344 2413 430 2477 litem
446 2431 632 2496 componere
644 2414 728 2479 nitar
741 2433 810 2496 quae
825 2416 862 2478 de
873 2416 932 2479 hoc
946 2421 1045 2480 metro
1058 2422 1114 2479 est.
1129 2415 1270 2481 Editores
1280 2416 1365 2481 enim
1380 2418 1495 2482 dissen-

220 2508 314 2590 tiunt,
336 2529 408 2576 cum
434 2511 486 2576 alii
512 2529 575 2576 non
597 2514 839 2594 hipponacteum
859 2513 892 2576 in
912 2513 1034 2596 epilogo
1055 2514 1194 2595 videant,
1216 2514 1269 2579 alii
1290 2514 1494 2580 Prudentium

220 2608 377 2674 imitatum
391 2628 458 2675 esse
473 2613 602 2676 credunt
622 2612 820 2677 horatianum
839 2629 964 2676 carmen
982 2633 990 2677 ε
1013 2614 1108 2677 «Non
1126 2613 1310 2696 choraeque
1328 2632 1490 2678 aureum...

220 2707 331 2785 (Carnu.
347 2709 383 2790 ll,
402 2709 461 2791 l8).
478 2710 532 2774 llis
547 2719 649 2775 tamen
665 2728 729 2775 non
744 2728 869 2792 possum
883 2728 947 2775 non
962 2711 1124 2794 paululum
1139 2712 1293 2776 assentiri.
1306 2711 1492 2777 Prudentius

217 2805 300 2869 enim
318 2807 360 2889 (v.
376 2809 407 2888 7,
422 2808 455 2890 8)
469 2826 561 2874 suum
574 2819 709 2874 metrum
723 2809 847 2874 videtur
861 2809 1024 2874 enucleate
1038 2809 1261 2892 significarisse
1276 2827 1346 2875 oum
1361 2809 1440 2874 dixit
1455 2829 1463 2873 :

641 2975 699 3028 Nos
712 2975 787 3029 citos
799 2975 941 3028 iambicos

571 3064 728 3118 sacremus
740 3068 770 3120 et
783 3063 914 3120 rotatiles
926 3064 1069 3120 trochaeos

217 3222 303 3286 unde
318 3222 454 3310 alternos
468 3221 637 3287 iambicum
653 3223 827 3288 trimetrum
842 3222 1054 3288 catalecticum
1069 3228 1100 3285 et
1120 3221 1311 3287 trochaicum
1325 3209 1491 3288 dimetrum

218 3320 434 3386 catalecticum
455 3337 521 3384 sese
542 3339 705 3404 usurpasse
727 3323 850 3386 videtur
870 3322 1056 3402 significare.
1083 3322 1226 3386 Attamen
1251 3321 1424 3386 notandum
1446 3329 1492 3388 est

217 3426 354 3501 poetam,
369 3421 630 3501 quemadmodum
642 3421 812 3485 trochaicus
823 3421 1013 3502 septenarios
1023 3419 1491 3502 ternosinterpunctionesecer-

220 3518 266 3580 nit
286 3517 387 3600 (Cath.
411 3519 462 3583 lll.
487 3518 593 3582 Perist.
617 3521 653 3599 l),
677 3520 774 3583 sicin
796 3521 918 3601 epilogo
939 3520 1070 3584 disticha
1090 3538 1107 3583 e
1130 3519 1285 3583 trochaico
1306 3523 1338 3581 et
1359 3517 1493 3583 iambico

219 3617 394 3682 constantia
409 3624 497 3682 terna
512 3618 677 3682 secrevisse
689 3617 780 3700 (Vide
795 3618 828 3682 in
839 3617 967 3700 Epilogo
978 3629 1127 3701 punctum
1143 3623 1211 3699 post
1223 3633 1349 3681 versum
1363 3615 1382 3680 6
1397 3621 1428 3679 et
1445 3618 1493 3696 12,

224 3714 272 3794 l8,
301 3716 353 3794 at,
379 3715 431 3794 30,
452 3715 502 3778 vel
527 3715 566 3780 36
589 3716 627 3795 si,
654 3734 724 3781 cum
749 3715 890 3796 Heinsio,
916 3715 1070 3780 credimus
1096 3732 1160 3779 non
1185 3714 1343 3795 integrum
1368 3730 1493 3777 carmen

220 3813 440 3896 permansisse)
464 3815 548 3878 unde
573 3815 793 3898 suspicandum
817 3822 897 3879 esset
927 3831 1051 3877 versum
1076 3830 1194 3877 novum
1222 3817 1432 3894 asyuartctum
1456 3829 1495 3876 ex

221 3913 377 3977 trochaico
394 3911 525 3978 dimetro
546 3912 724 3978 catalectico
742 3921 773 3975 et
791 3914 924 3977 iambico
945 3910 1083 3976 trimetro
1104 3911 1282 3976 catalectico
1303 3916 1494 3975 constantem

221 4010 274 4075 hic
291 4029 307 4076 a
326 4010 496 4075 Prudentio
516 4018 653 4075 creatum
674 4011 779 4076 inisse.
803 4010 889 4084 Quod
910 4028 973 4074 non
996 4011 1100 4074 credo.
1121 4009 1200 4074 Nam
1222 4026 1293 4073 cum
1310 4009 1496 4073 Prudentius

224 4125 348 4175 versum
363 4109 405 4173 ita
422 4109 626 4191 compositum
641 4109 756 4190 profert
768 4107 869 4189 (Geth.
886 4108 937 4187 lll,
950 4107 1057 4172 Perist.
1072 4108 1097 4188 l)
1111 4125 1238 4191 perraro
1253 4123 1325 4171 eum
1341 4113 1496 4187 asynarte·

222 4217 289 4274 tum
314 4207 388 4273 tacit
414 4207 497 4284 (vide
521 4206 601 4272 inira
625 4208 641 4288 S
662 4223 729 4271 xxvi
751 4208 789 4271 de
812 4213 912 4270 metro
935 4207 1093 4270 trochaico
1114 4205 1317 4289 septenario).
1340 4205 1370 4269 Si
1393 4212 1497 4268 autem

221 4307 345 4390 Epilogi
361 4289 486 4370 versum
508 4306 606 4384 lingas
630 4323 695 4369 esse
717 4321 756 4368 en
774 4304 907 4370 iambico
929 4305 1068 4368 trimetro
1089 4303 1269 4369 catalectico
1291 4309 1322 4366 et
1342 4303 1496 4366 trochaico

226 4407 358 4471 dimetro
371 4403 550 4469 catalectico
562 4404 767 4486 compositum
774 4403 879 4485 plures
889 4421 927 4467 en
937 4403 1048 4468 ordine
1059 4408 1361 4484 asynartetosversus
1370 4400 1498 4465 habebis

223 4504 342 4586 (tt-at,
356 4503 462 4582 stt-26,
478 4501 584 4582 att-att)

266 4603 436 4667 Credamus
461 4601 558 4680 igitur
583 4600 739 4681 epilogum
767 4601 804 4664 ad
829 4598 986 4681 exemplar
1010 4598 1166 4663 horatiani
1195 4615 1287 4660 «non
1311 4596 1385 4662 ebur
1408 4614 1499 4678 ncqtcc

228 4719 381 4765 ocream»
404 4701 519 4765 iactum
543 4698 647 4764 tuisse.
669 4698 735 4774 Ouo
760 4699 856 4780 dicto,
875 4698 920 4761 nil
943 4699 1120 4762 addendum
1145 4695 1206 4758 nisi
1231 4694 1435 4759 Prudentium
1460 4695 1499 4758 ad

227 4797 391 4880 exemplar
405 4806 475 4877 apte
494 4815 560 4861 sese
580 4798 840 4876 accomodavisse,
859 4813 929 4860 cum
950 4796 1117 4860 dimetrum
1133 4793 1324 4858 trochaicum
1346 4793 1390 4856 sic
1409 4792 1500 4858 iaciat

229 4925 243 4936 -
263 4919 277 4950 υ
294 4925 308 4935 -
326 4919 341 4949 ν
360 4925 373 4934 ·
392 4917 406 4948 υ
423 4916 451 4977 e,
467 4896 553 4962 nulla
567 4896 787 4962 substitutione
806 4895 950 4973 admissa,
971 4893 1140 4959 iambicum
1160 4909 1271 4974 purum
1292 4898 1323 4955 et
1342 4891 1496 4964 exhibeat,
