3592 5668
236 611 240 630 ¹
320 597 482 677 requirens
496 600 602 659 utrum
615 593 766 674 passibilis
781 593 820 656 sit
835 593 956 658 anima:
973 594 1188 672 quae-quidem
1203 592 1298 656 verba
1311 590 1443 656 minime
1458 590 1542 656 inter
1559 607 1592 656 se

228 678 231 684 ¹
320 701 469 777 pugnant.
485 695 555 758 Non
578 693 663 756 enim
686 692 853 757 dicendum
871 698 917 756 est
939 692 995 756 Dei
1013 698 1133 774 partem
1152 691 1289 755 animam
1310 707 1385 767 esse,
1408 705 1491 769 quae,
1522 705 1593 752 cum

321 801 404 858 certo
418 800 558 874 tempore
574 800 707 867 creetur,
725 809 789 854 non
802 798 918 854 aeterna
933 796 989 867 est,
1003 791 1123 854 nedum
1137 790 1255 866 divina,
1272 787 1326 852 sed
1344 793 1466 852 tanturn
1489 788 1590 867 imago

320 893 387 966 Dei,
404 892 545 974 provida,
559 891 634 969 justi
655 906 761 971 capax,
778 895 941 972 perpetua.
959 889 1014 964 Ea,
1037 906 1054 951 e
1076 905 1205 970 corpore
1224 887 1311 951 selut
1329 885 1484 967 spiramen
1503 886 1593 949 emis-

321 1009 401 1066 sum,
432 993 541 1054 flatum
569 1005 662 1068 quem
692 1003 831 1068 organon
859 989 948 1052 eliert
975 982 1111 1070 simulat.
1141 987 1220 1052 Cum
1250 1003 1379 1067 corpore
1416 985 1591 1066 coniuncta,

321 1089 453 1168 peccatis
468 1087 618 1166 obstringi
633 1092 743 1168 potest,
761 1086 935 1168 pd'siqua'm'
949 1089 971 1105 '¹
1002 1091 1043 1105 “·’
1145 1095 1151 1106 ·

534 1267 680 1323 suavibus
693 1267 837 1322 illecebris
850 1268 980 1322 nimium
992 1267 1126 1322 blandita
1140 1267 1267 1324 refrixit.
1280 1265 1356 1338 ,(906)
1392 1323 1397 1330 ,
1438 1329 1440 1336 ,
1479 1331 1482 1338 ,

360 1447 506 1523 Quamvis
520 1446 605 1509 enim
619 1445 732 1510 animae
746 1461 810 1508 non
826 1451 976 1524 generent
991 1447 1121 1523 animas,
1137 1447 1323 1526 ‚contagione
1336 1453 1440 1512 tamen
1457 1446 1594 1527 corporis

320 1546 448 1628 pollutae
461 1562 517 1608 sua
531 1545 599 1608 vice
610 1545 689 1607 fiunt
711 1545 881 1607 «incentiva
892 1545 1113 1622 peccaminis».

361 1645 425 1708 Sub
446 1647 541 1708 finem
560 1643 747 1707 Manichaeos
766 1644 956 1724 aggreditur,
983 1644 1038 1723 qni
1058 1643 1215 1710 Christum
1229 1644 1458 1710 existimabant
1475 1660 1594 1708 meram

320 1745 464 1810 umbram
476 1743 605 1806 volitare
619 1743 677 1805 sub
692 1742 828 1820 imagine
842 1743 961 1819 lurmae,
974 1741 1219 1822 blavttbaeumque
1231 1743 1377 1808 adversus
1396 1743 1588 1808 «latrantes»

320 1841 432 1906 Christi
449 1841 591 1904 inimicos
607 1841 746 1904 advocat.
763 1841 1110 1930 lieniquerebementi
1124 1841 1246 1921 pietatis
1259 1841 1389 1922 impetu,
1407 1841 1491 1912 diem
1505 1847 1596 1904 vocat

320 1957 392 2004 cum
417 1945 500 2002 totus
524 1940 563 2002 ad
591 1940 690 2002 Deum
718 1944 916 2004 surrecturus
935 1939 976 2002 sit
1001 1945 1033 2004 et
1060 1940 1223 2024 volaturus
1250 1940 1290 2002 ad
1317 1945 1465 2004 aternam
1489 1940 1594 2007 sedem

320 2039 528 2120 (luta-1068).
1584 2081 1587 2088 ·

358 2136 390 2201 Si
424 2153 578 2202 summam
610 2135 787 2217 Apotheosis
821 2137 993 2218 respexeris
1023 2139 1236 2202 confitendum
1261 2138 1319 2202 tibi
1351 2137 1426 2214 erit,
1458 2124 1594 2228 exceptis

318 2234 520 2301 subobscuris
552 2235 702 2315 partibus,
727 2243 826 2318 poeta
844 2233 1067 2311 sinceritatem,
1100 2235 1258 2315 pietatem,
1286 2235 1459 2316 imaginum
1481 2241 1591 2311 artem,

319 2333 470 2411 impetum
492 2331 582 2394 valde
596 2332 768 2411 probanda,
786 2333 850 2395 iere
865 2331 1047 2394 admiranda
1063 2347 1139 2408 esse,
1158 2331 1184 2393 si
1200 2334 1250 2395 vel
1268 2332 1433 2413 paululum
1454 2317 1593 2398 animacss

319 2431 448 2494 verteris
464 2436 590 2508 quantae
602 2431 700 2496 fucrit
714 2430 903 2496 difficultatis
918 2429 979 2494 tale
995 2447 1082 2510 opus,
1101 2437 1201 2498 totum
1216 2432 1249 2495 in
1262 2421 1475 2496 abstrusa'rum
1486 2425 1593 2494 reruni

319 2528 524 2610 descriptione
538 2534 707 2594 versatum.

736 2713 751 2792 ξ
765 2711 800 2774 ll.
817 2746 856 2757 -
869 2711 911 2774 De
926 2711 1171 2790 Hnmcrtipenic.

355 2865 455 2927 Deum
476 2879 542 2926 esse
564 2879 676 2938 unum,
698 2880 736 2926 ex
758 2861 849 2926 initio
874 2862 1025 2943 poematis
1044 2863 1299 2943 comprobantem
1320 2862 1535 2942 Prudentium,
1559 2873 1590 2930 et

315 2964 348 3026 in
372 2962 561 3026 Marcionem
587 2962 788 3026 invehentem
815 2978 886 3026 cum
919 2961 1152 3038 animadvertis,
1182 2963 1319 3043 suspicio
1350 2963 1484 3026 occurrit
1509 2964 1589 3027 nihil

304 3061 402 3142 aliud
416 3078 483 3125 esse
497 3060 760 3141 Hamurtipeniem
775 3061 836 3124 nisi
850 3060 1026 3140 Apotheosis
1039 3056 1302 3141 supplementum.
1319 3061 1589 3136 Quemadmodum

315 3160 462 3223 adversus
490 3159 698 3235 Marcionitas,
731 3158 936 3236 Sabellianos,
962 3159 1086 3222 ludaeos
1114 3159 1147 3222 in
1175 3159 1336 3238 Apotlteosi
1362 3160 1519 3238 irascitur,
1546 3161 1589 3226 ita

316 3257 513 3320 Marcionitas
522 3257 615 3336 petit,
632 3257 686 3319 sed
699 3257 903 3336 singulariter
917 3257 1098 3320 Monicbsees
1112 3258 1145 3320 in
1168 3257 1412 3337 Homcrtipereic.
1435 3258 1493 3332 Qui
1514 3276 1588 3322 vero

315 3372 387 3418 cum
401 3356 462 3418 boc
476 3354 633 3435 praecipue
646 3355 834 3432 niterentur,
850 3357 891 3418 ad
906 3355 1063 3436 duplicem
1084 3355 1272 3432 Divinitatis
1295 3356 1370 3418 binc
1390 3356 1482 3419 bonae
1502 3358 1590 3430 illinc

313 3452 416 3530 malae,
448 3458 592 3516 naturam
616 3452 803 3531 fingendam,
829 3454 915 3531 quod
936 3470 1001 3517 non
1025 3454 1121 3535 possit
1144 3460 1305 3534 peccatum
1331 3455 1369 3516 ab
1393 3455 1589 3537 impetrabili

314 3551 478 3632 proficisci,
494 3552 622 3615 mendas
637 3568 654 3614 a
669 3552 875 3615 mundissimo
890 3541 1129 3629 lonte'manera
1148 3557 1238 3632 poeta
1260 3545 1366 3615 noster
1383 3554 1515 3618 materie
1530 3573 1589 3618 sua

314 3649 460 3714 inductus
475 3656 520 3711 est
535 3650 574 3713 ad
587 3665 694 3714 veram
709 3651 827 3730 peccati
843 3652 996 3730 originem
1011 3658 1041 3715 et
1056 3652 1143 3730 quasi
1164 3651 1340 3730 genituram
1354 3651 1588 3731 inquirendam,¹

316 3751 400 3814 unde
413 3749 655 3829 Homdrtipeeise
669 3766 786 3814 nomen
800 3751 1022 3832 operidatum.

355 3851 419 3911 lloc
446 3865 534 3929 opus,
556 3849 646 3926 'quod
667 3850 705 3912 ab
727 3849 938 3914 eruditissimo
953 3853 995 3926 {et
1018 3839 1239 3913 litteratissime
1259 3851 1352 3932 Bayle
1377 3853 1531 3933 optimum
1551 3869 1590 3916 ex

317 3947 463 4026 operibus
477 3946 638 4010 Prudentii
653 3948 856 4028 praedicatum
872 3955 928 4026 cst,
946 3948 1077 4012 eximias
1090 3963 1165 4011 vere
1179 3954 1280 4028 partes
1292 3950 1442 4027 continet,
1454 3951 1538 4029 quod
1550 3952 1590 4015 ad

316 4044 503 4124 disponendi
525 4050 623 4108 artem
643 4045 748 4108 minus
771 4047 976 4111 laudandum.
992 4047 1161 4133 'Neminem
1180 4053 1328 4125 celerum,
1352 4047 1432 4128 iugit
1456 4033 1591 4112 Pruden-

315 4144 394 4206 tium
408 4145 473 4208 fere
487 4160 609 4224 semper
619 4142 677 4207 bac
692 4145 845 4208 industria
861 4145 997 4210 caruisse
1009 4161 1079 4222 quae
1102 4162 1241 4226 ‹ponere
1256 4152 1378 4210 totum»
1400 4145 1522 4211 calleat.

355 4243 496 4307 Praeiatio
517 4242 619 4306 omnis
639 4243 678 4308 ad
698 4245 784 4308 bunc
805 4245 949 4308 ordinem
970 4243 1196 4308 sententiarum
1208 4243 1354 4326 ‘pertinet
1368 4244 1468 4325 'quern
1488 4263 1589 4326 graeco

316 4344 446 4407 nomine
467 4338 635 4422 συμῖεολικὸν
654 4358 885 4423 nuncupamus.
908 4343 994 4404 Hanc
1013 4343 1184 4419 figurarum
1204 4349 1303 4406 artem
1320 4342 1385 4420 jam
1406 4343 1440 4406 in
1461 4343 1590 4410 Ambrc

314 4441 409 4504 sienis
423 4440 546 4520 hymnis
561 4439 664 4519 palam
683 4457 751 4506 esse
768 4441 957 4506 notavimus.
980 4438 1166 4504 Prudentius
1180 4441 1257 4506 illuc
1272 4441 1461 4506 creberrime
1476 4449 1590 4524 specta-

314 4541 395 4602 visse
419 4539 516 4618 magis
539 4555 575 4600 ac
597 4539 693 4617 magis
718 4539 775 4602 tibi
802 4539 928 4619 patebit.
946 4539 979 4601 ln
994 4537 1224 4630 bac-videlicet
1246 4539 1429 4622 praefatione
1450 4541 1539 4606 Caini
1559 4547 1589 4604 et

315 4636 421 4702 Abelis
432 4637 573 4701 tabulam
586 4637 810 4717 praeceptivum
824 4636 857 4700 in
874 4637 985 4716 dogma
1001 4637 1166 4713 convertit,
1184 4644 1339 4700 aeternum
1358 4639 1472 4716 caruis,
1495 4639 1591 4702 idest

316 4727 464 4811 Caini,'et
480 4735 603 4810 anima,
621 4734 712 4798 idest
727 4734 844 4807 Abelis,
868 4733 1009 4798 duellum
1025 4736 1281 4802 commemorans.
1299 4736 1381 4800 llinc
1398 4737 1476 4809 mali
1491 4718 1590 4814 lab'es,

315 4832 392 4898 binc
404 4833 533 4915 insuper
543 4832 790 4924 dlaniclraeorum
805 4849 904 4910 error,
920 4832 986 4930 qui,
1007 4851 1078 4903 oum
1093 4835 1224 4930 fratrum
1242 4833 1443 4925 inimicorum
1464 4841 1588 4919 copten-
