3592 5668
235 641 315 721 Mon,
335 641 464 706 Christo·
478 649 636 716 nascente,
663 660 716 708 rus
740 643 867 706 llorihus
891 640 1057 730 spargitur,
1083 639 1185 702 littora
1209 637 1292 702 arida
1316 639 1413 702 nardo
1436 644 1468 700 et

194 746 321 804 nectare
349 741 501 822 fragrant3
530 742 660 805 adorant
683 749 791 804 natum
806 742 905 803 Deum
931 738 1072 801 homines
1093 743 1123 800 et
1148 737 1238 814 lerae3
1261 737 1370 816 «sopit
1392 736 1469 816 qood

197 837 318 902 drotum
330 839 431 919 futh»
446 840 529 903 unde
541 839 572 902 in
584 847 762 919 peccatores
777 844 809 902 et
821 839 943 902 ludaeos
956 836 1113 899 invehitur
1127 843 1216 915 poeta
1228 836 1279 915 qui
1295 837 1392 898 iteum
1403 835 1469 896 inll-

196 935 262 1000 tiati
276 944 359 1000 sunt.
375 939 504 1001 Tardius
518 937 567 1000 isti
583 954 654 1001 eum
669 944 837 1018 agnoscent
852 953 935 1016 cnm,
951 937 1034 1000 Deus
1048 937 1170 998 Tonans
1181 933 1291 1011 lactus,
1305 950 1322 996 e
1334 934 1468 997 nuhihus

196 1036 313 1108 veniet,
329 1043 360 1098 et
382 1037 519 1100 «meritis
533 1037 670 1117 rependet
680 1054 826 1118 cortpruu.
843 1058 854 1092 ι

237 1133 291 1216 (Μ)
313 1135 499 1198 Ituouacrnus
512 1135 595 1198 idem
610 1141 641 1198 et
657 1141 814 1200 extremus
829 1133 1069 1198 Cathemerinon
1085 1132 1115 1194 in
1132 1132 1311 1213 Epiphaniae
1330 1129 1469 1194 toodc‘hos

197 1239 350 1297 versatur.
383 1234 640 1298 Animadvertunt
671 1233 748 1314 Magi
783 1232 904 1297 stellam
942 1233 1054 1295 ceteris
1088 1231 1316 1310 fulgentiorem,
1356 1246 1470 1310 nempe

198 1339 358 1395 aeternam.
375 1332 453 1408 Quid
467 1333 541 1396 inde
555 1333 760 1413 portendatur
774 1333 812 1396 ab
831 1330 899 1396 aliis
923 1330 974 1394 alii
1000 1329 1209 1408 sciscitantur,
1231 1336 1273 1406 et,
1295 1345 1365 1392 cum
1389 1327 1472 1408 apud

198 1430 352 1494 stabulum
377 1431 537 1495 Bethleem
560 1431 807 1511 corcomenon
826 1437 906 1509 tura,
930 1429 997 1509 regi
1012 1445 1134 1506 aurum,
1155 1426 1336 1508 sepeliendo
1351 1425 1472 1490 Christo

198 1530 356 1610 myrrham
389 1531 533 1594 offerunt.
567 1531 645 1594 Tum
676 1547 752 1595 vero
785 1547 857 1593 ecce
886 1545 1000 1610 pueros
1034 1526 1178 1590 innoxios
1209 1525 1358 1590 trucidari
1384 1526 1474 1605 jubet

199 1628 352 1691 Herodes:
370 1645 463 1709 qnam
477 1629 605 1708 caedem,
620 1628 683 1692 vim
698 1629 845 1692 allectans
859 1643 922 1692 non
938 1628 1006 1691 sine
1021 1626 1154 1707 quodam
1170 1626 1299 1704 ambitu,
1315 1631 1405 1704 poeta
1423 1624 1474 1686 de-

200 1726 455 1808 sorihit(ll3...).

240 1825 381 1890 Christus
403 1843 441 1889 ex
464 1826 523 1890 hac
547 1825 630 1890 caede
656 1826 772 1890 evasit:
796 1825 884 1891 solita
910 1843 1058 1890 excursus
1085 1823 1206 1888 ratione
1231 1821 1417 1887 Prudentius
1442 1823 1475 1885 in

199 1923 382 1989 memoriam
402 1925 508 1989 llosen
522 1931 648 1989 revocat
665 1941 703 1988 ex
720 1925 812 1988 undis
832 1931 1000 1989 servatum.
1023 1924 1099 1987 llosi
1117 1924 1241 1987 losuam
1259 1919 1377 2001 adjicit,
1398 1927 1477 1984 cete-

200 2038 314 2103 rosque
342 2024 503 2105 scripturae
528 2040 624 2088 saorae
644 2024 727 2088 viros
753 2024 890 2104 insignes
918 2024 982 2104 qui,
1007 2021 1122 2103 praevia
1146 2020 1294 2101 imagine,
1318 2019 1475 2083 Christum

200 2121 421 2202 praenuntiant.
1214 2139 1215 2144 ¹

239 2519 285 2584 hd
300 2519 434 2583 carmina
450 2535 518 2599 que
533 2519 778 2600 Peristephanon
791 2521 994 2584 nominantur
1005 2526 1209 2598 transeamus,
1227 2525 1261 2583 ut
1276 2524 1307 2582 et
1317 2519 1373 2582 ista
1385 2536 1473 2600 aeque

197 2635 233 2681 ac
247 2617 500 2697 Cathemerinon,
517 2618 627 2682 eodem
644 2618 749 2696 modo,
766 2618 992 2695 describamus}
1012 2635 1072 2698 quo
1092 2618 1185 2695 facto,
1206 2618 1317 2698 quihus
1335 2617 1471 2698 dotibus,

196 2716 291 2794 vitiis,
306 2717 438 2795 mendis,
450 2715 616 2780 venerihus
631 2717 861 2797 distinguantur
876 2723 907 2780 et
922 2715 1168 2798 peristephanon
1184 2722 1215 2780 et
1225 2715 1471 2781 Cathemerinon
1534 2751 1538 2758 ·

198 2832 260 2878 ono
274 2816 343 2880 loco
358 2815 562 2895 inquiremus.
