3592 5668
311 607 349 671 ad
364 605 481 687 peccati
497 607 658 686 originem,
678 613 711 669 ut
730 607 873 684 vidimus,
896 610 1044 688 pertinet,
1065 607 1290 671 concertatorio
1311 605 1381 686 plus
1403 618 1495 684 quam
1510 619 1589 683 333-

311 706 432 787 ceptivo
445 701 579 786 'genere
603 705 921 771 Animadvertendum
947 707 1075 788 insuper
1102 705 1270 786 saepissime
1297 689 1406 784 grecis
1430 702 1589 768 uocabulis

311 822 400 868 usum
414 820 482 868 esse
497 803 698 867 Prudentium
714 804 744 866 13
762 804 887 867 latinam
903 805 1040 884 linguam
1055 807 1214 868 conversis
1231 822 1237 864 :
1254 802 1433 866 memorabo
1450 801 1591 882 3103303-

311 906 373 966 inm
385 903 487 984 (llam.
498 902 568 979 500,
585 903 661 965 0133.
679 903 743 980 71),
759 904 895 980 Aapmon
911 902 1034 983 (Apollo.
1044 902 1124 982 353),
1138 902 1354 984 blasphemiam
1366 901 1488 980 (Pagala.
1504 899 1588 976 710),

310 1002 450 1064 idolatris
465 999 567 1081 (Ham.
586 999 668 1079 001),
682 1001 916 1078 mysteriarches
931 1001 1056 1082 (Perist.
1075 1005 1112 1082 ΙΙ,
1128 1003 1211 1080 350),
1227 999 1532 1082 3303331313(033133.
1549 1000 1589 1076 X,

313 1098 413 1181 1070),
434 1100 579 1179 stigmam
600 1097 722 1178 (Periit.
746 1099 785 1176 X,
811 1096 1477 1177 1080).031133331333310331333333331
1498 1098 1590 1176 graeci

310 1197 468 1278 scriptoris
494 1187 602 1260 imitati
629 1196 792 1276 vestigium
817 1198 1015 1261 manifestum
1036 1201 1173 1279 praebeat
1195 1198 1244 1279 (¹).
1265 1197 1351 1272 Quod
1374 1197 1412 1259 ad
1435 1194 1592 1258 discursus

310 1298 458 1379 quosdam
476 1296 587 1376 quibus
607 1293 793 1358 Socraticam
813 1295 863 1358 331
884 1295 1073 1360 Platonicam
1095 1297 1288 1377 disciplinam
1313 1309 1442 1374 carpere
1469 1294 1590 1371 nititur,

311 1398 495 1460 documento
517 1393 645 1457 minime
664 1395 685 1456 ii
703 1400 776 1456 sunt
795 1394 995 1458 0330330333
1015 1396 1053 1459 03
1074 1413 1134 1476 quo
1153 1396 1325 1459 disserebat
1350 1409 1417 1457 rem
1440 1393 1590 1456 tenuisse.

311 1493 487 1561 Verisimile
502 1493 643 1556 existimo
655 1499 795 1555 nostrum
811 1493 1063 1571 graeciserrnonis
1078 1494 1223 1574 peritum,
1234 1494 1406 1557 litterarum
1419 1507 1589 1571 graecarum

311 1596 376 1658 lere
397 1595 523 1657 omnino
543 1593 652 1654 rudem
672 1591 778 1654 131333.
799 1628 839 1636 -
858 1592 957 1670 Adde,
974 1593 1056 1672 quod
1078 1594 1240 1656 miraberis
1260 1591 1368 1671 magis,
1390 1591 1472 1669 quod
1488 1595 1592 1653 autem

311 1710 373 1756 non
392 1693 518 1755 dubium
539 1691 717 1756 habendum
736 1707 804 1753 esse
826 1691 949 1770 opinor,
970 1693 1097 1755 minime
1126 1691 1329 1755 Prudentium
1352 1706 1369 1753 e
1394 1689 1490 1752 sacris
1517 1687 1592 1752 scri·

312 1792 410 1870 333313
436 1790 546 1853 auxilia
572 1795 625 1852 333
646 1805 720 1868 3333
736 1789 904 1868 quaesiisse.
929 1790 996 1852 Non
1022 1807 1136 1870 negare
1158 1789 1250 1854 uelim
1266 1788 1421 1867 historias,
1438 1786 1589 1866 exempla,

313 1890 450 1968 tabellas,
468 1890 651 1953 documenta
668 1887 777 1951 crebro
800 1905 816 1952 3
839 1889 1007 1952 Prodentio
1029 1906 1046 1952 e
1067 1889 1228 1969 scripturis
1248 1889 1341 1968 petita
1362 1887 1469 1950 luisse.
1492 1886 1591 1950 Testis

233 2019 237 2028 ·
313 1989 542 2053 Cathemerinon
558 1988 608 2064 lv,
624 2003 685 2067 quo
704 1988 883 2050 referuntur
907 1987 997 2050 ilaris
1015 1988 1109 2051 Rubri
1132 1987 1290 2058 transitus,
1314 1985 1407 2049 llosis
1429 1985 1590 2061 30333313,

312 2104 389 2168 aqua
411 2103 427 2149 e
446 2104 519 2150 sano
539 2087 723 2162 scaturiens,
740 2085 927 2160 coturnices,
951 2102 1081 2162 manum
1102 2086 1188 2148 testis
1209 2085 1441 2148 Cathemerinon
1464 2084 1503 2148 Vl
1526 2100 1586 2164 quo

313 2191 526 2249 memorantur
542 2183 680 2264 losephi,
699 2184 848 2246 iohannis
872 2183 916 2262 (in
939 2184 1134 2264 Apocalypsi)
1150 2183 1286 2254 somnia;
1303 2184 1368 2260 Vll,
1395 2182 1589 2264 quoheres,

314 2286 423 2361 03333,
439 2285 531 2346 Jonas
542 2283 721 2362 iejuuantes
736 2282 862 2345 effusius
878 2288 1056 2360 narrantur,
1068 2282 1126 2346 loci
1142 2282 1193 2346 alii
1205 2282 1354 2345 sexcenti.
1374 2282 1474 2345 Palam
1489 2289 1590 2344 tamen

314 2390 361 2445 est
387 2383 459 2445 novi
488 2391 519 2445 et
546 2382 662 2444 veteris
691 2381 867 2444 testamenti
898 2385 1038 2445 nostrum
1074 2383 1201 2467 ῥαψῳδὸν
1238 2397 1397 2444 sacrorum
1430 2387 1591 2460 poetarum

314 2496 501 2555 sermonem,
518 2479 681 2559 imagines,
694 2481 819 2558 liguros,
835 2486 948 2555 motae,
964 2495 1100 2555 omnem,
1121 2496 1162 2542 ne
1178 2479 1275 2542 multa
1291 2482 1438 2558 ποιητικὴν
1464 2479 1592 2542 minime

314 2581 353 2642 ad
373 2595 460 2642 suam
481 2579 644 2642 utilitatem
667 2579 868 2656 conuertisse,
893 2584 935 2654 et,
964 2595 1032 2641 cum
1058 2595 1108 2641 res
1134 2584 1339 2654 mutuaretur,
1364 2585 1592 2658 3333333313-

315 2679 415 2751 riisse,
431 2695 500 2758 quae
515 2676 646 2740 dolenda
661 2685 708 2739 est
722 2684 753 2740 et
767 2677 891 2740 maximi
906 2677 1055 2740 momenti
1070 2679 1203 2758 jactura.

355 2775 400 2838 Ad
420 2791 571 2837 summam
598 2775 697 2852 fingas
727 2774 781 2838 tibi
806 2775 1025 2853 0330330333,
1049 2777 1217 2839 litteratum
1242 2777 1410 2854 hominem,
1432 2783 1592 2856 poetarum

316 2875 481 2938 latinorum
497 2891 586 2937 33333
603 2874 763 2954 relectum,
780 2891 950 2954 graecorum
969 2876 1032 2938 iere
1048 2875 1170 2953 rudem,
1194 2875 1418 2954 scripturarum
1436 2892 1591 2938 sacrarum

316 2974 461 3053 peritum,
491 2989 599 3036 earum
627 2980 731 3036 autern
761 2980 859 3036 artem
890 2973 1102 3052 dedignatum,
1129 2973 1295 3044 Ambrosii,
1329 2974 1437 3037 hilarii
1470 2973 1592 3054 hymnis

316 3073 518 3135 uehementer
540 3063 739 3146 commotum,
760 3080 931 3152 martyrum
957 3072 1094 3135 historiis
1113 3073 1164 3152 pie
1184 3073 1382 3146 concitatum,
1404 3071 1508 3152 lyricis
1527 3089 1592 3135 car-

316 3171 449 3233 minibus
465 3168 563 3232 studia
581 3170 827 3233 Christianorum
841 3169 989 3233 solemnia
1007 3178 1037 3234 et
1052 3178 1222 3249 martyrum
1237 3171 1332 3233 133333
1346 3170 1500 3251 331311333,
1522 3189 1590 3234 curn

316 3269 421 3345 vellet,
448 3267 551 3330 Sancti
576 3267 676 3331 Basilii
700 3269 826 3330 consilia
850 3277 984 3342 3333333,
1006 3269 1205 3347 profanorum
1228 3277 1331 3331 vatum
1351 3286 1425 3348 opes
1449 3277 1480 3332 33
1501 3287 1591 3332 3333-

316 3374 417 3430 333333
433 3367 471 3430 30
488 3367 553 3430 3331
568 3367 696 3450 gloriam
711 3367 962 3431 0313300311333
977 3369 1244 3432 confirmationem
1261 3377 1457 3433 convertere.

576 3591 591 3672 S
606 3591 655 3653 lll.
668 3625 707 3635 -
720 3590 951 3654 Cathemerinon
965 3593 1147 3670 annnorum
1157 3593 1329 3673 descriptio.

356 3795 493 3859 Diximus
505 3787 685 3860 ‘summatim
706 3795 902 3860 Ambrosium
922 3795 1034 3862 ducem
1055 3798 1310 3879 magistrumque,
1334 3799 1415 3880 qnod
1437 3798 1474 3862 ad
1494 3798 1588 3880 lyrica

316 3895 439 3971 attinet,
471 3894 628 3958 Prudentii
654 3894 760 3959 luisse.
788 3895 864 3958 llem
892 3898 1020 3975 propius
1054 3897 1239 3960 discutiendi
1269 3905 1391 3977 tempus
1426 3904 1485 3976 333,
1521 3913 1589 3977 qum

318 3991 467 4070 imprimis
482 3993 518 4054 ad
536 3992 775 4057 Cathemerinon
789 3993 936 4074 pertinet.
961 3995 1153 4068 Ambrosius,
1174 4012 1266 4075 quern
1286 3996 1325 4058 ad
1340 3997 1435 4059 linem
1450 3995 1590 4060 ridemus

316 4107 421 4169 33333,
437 4090 551 4153 multos
563 4091 692 4171 hymnos
708 4092 849 4172 populari
864 4100 976 4170 metro,
997 4093 1138 4156 dimetris
1157 4093 1294 4157 iambicis
1314 4094 1442 4171 scilicet,
1459 4093 1588 4174 simplici

317 4195 348 4250 et
371 4189 437 4252 1333
460 4189 567 4254 humili
589 4205 745 4266 sermone,
766 4191 922 4269 gravibus,
945 4191 1067 4266 viridis,
1095 4193 1197 4256 aureis
1219 4193 1402 4272 plerumque
1425 4190 1590 4255 sententiis

317 4287 499 4367 composuit.
522 4288 610 4351 Nulla
635 4304 703 4350 esse
727 4287 876 4353 dubitatio
898 4283 999 4370 potest
1020 4290 1092 4370 quin
1116 4291 1183 4354 haec
1204 4291 1352 4366 earmina,
1377 4307 1440 4355 nou
1462 4291 1590 4355 litterati

317 4385 451 4450 bominis
466 4385 498 4450 in
513 4386 666 4450 umbratili
683 4387 743 4450 vita
758 4386 902 4465 ludibria,
918 4389 972 4452 sed
987 4405 1061 4452 rere
1076 4389 1113 4452 30
1129 4390 1267 4454 fidelium
1284 4398 1380 4454 coetus
1397 4396 1501 4470 333333
1518 4405 1590 4452 333-

318 4483 375 4546 3133
391 4484 518 4548 1333133.
534 4485 632 4548 'lestis
647 4502 709 4548 non
726 4485 816 4549 modo
831 4487 1022 4567 Augustinus
1037 4488 1088 4567 qui
1108 4487 1260 4552 Ambrosii
1282 4487 1412 4568 hymnos
1434 4487 1589 4568 1333333331

317 4582 446 4648 33313313
468 4583 688 4648 Mediolanensi
714 4601 782 4648 sese
806 4585 939 4648 audiisse
965 4595 1113 4650 memorat
1136 4593 1274 4666 tempore
1296 4603 1356 4666 quo
1377 4587 1416 4652 ad
1437 4586 1588 4666 baptisma

347 4771 379 4836 (¹)
396 4772 466 4917 vige
478 4773 548 4901 ilnsm
566 4773 676 4826 dubiam
696 4774 838 4826 Prudentii
860 4782 887 4824 et
904 4774 1042 4828 Ambrosii
1066 4789 1128 4826 cum
1148 4774 1286 4826 Simonide
1308 4775 1514 4828 similitudinem
1537 4775 1588 4826 hoc

318 4853 416 4918 capite,
455 4853 479 4904 11
493 4891 498 4914 ,
512 4853 544 4905 A.
