3592 5668
172 623 272 690 modis
288 621 527 704 Papaharuaahia
539 620 692 686 utmorem
706 621 766 686 e'st.
781 621 869 686 hddn
884 617 968 703 quod
985 617 1235 702 moatmmom
1243 611 1352 688 itidem
1366 613 1448 684 'tem-

173 723 299 803 poribus
313 722 364 786 rel
384 720 683 801 ambxscnlptarum,
706 721 757 786 vel
774 721 931 802 pictorum
948 720 1094 802 penicilla
1116 731 1272 801 expresso,
1293 727 1449 784 monaste-

173 821 291 886 riorum
305 828 336 886 et
351 820 553 885 ecclesiarum
568 819 739 901 parietibus
751 820 851 884 ndstra
872 819 995 900 piorum
1014 819 1119 883 oculos
1139 826 1322 900 montesque
1336 817 1448 898 sepius
1468 821 1470 828 '

174 920 337 1000 occupavit
351 919 402 1002 (¹).
417 918 499 982 Nihil
516 926 563 981 est
576 919 661 982 abad
676 918 734 982 boc
749 930 859 998 poema
874 935 966 998 quam
981 919 1122 1000 qaedam
1143 918 1375 981 «Introduction
1385 919 1405 980 a
1417 918 1449 980 ta

173 1020 222 1082 oia
232 1021 333 1083 mauu
343 1041 374 1097 ι,
390 1019 499 1082 hilaris
513 1023 546 1081 et
559 1019 699 1096 remissa,
713 1017 757 1098 pii
768 1017 830 1097 joci
845 1017 878 1080 in
892 1015 1030 1098 speciem
1044 1033 1147 1097 versa,
1161 1033 1242 1098 qum,
1258 1028 1328 1082 cem
1342 1023 1448 1080 nostra

174 1124 265 1182 aetate
285 1117 388 1180 lorsam
410 1117 448 1180 ad
470 1115 583 1180 leniter
603 1115 769 1179 ridendum
792 1115 949 1179 interdum
970 1114 1119 1196 impellat,
1147 1115 1302 1196 qnondam
1327 1121 1447 1192 contra,

173 1215 315 1280 eamdem
340 1216 379 1280 ob
406 1231 543 1294 causam,
568 1215 702 1280 habebat
725 1213 809 1278 unde
834 1213 897 1294 pia,
923 1213 1086 1296 simplicia,
1112 1215 1242 1278 candida
1268 1213 1392 1293 ingenia
1417 1218 1449 1276 ot

174 1315 362 1378 docerentur
376 1311 480 1393 simul,
496 1319 537 1387 et,
555 1313 685 1377 remisso
701 1311 784 1376 omni
800 1313 952 1396 periculo,
968 1329 1077 1378 secura
1092 1313 1333 1377 delectarentur.

426 1497 509 1594 glis.
525 1513 622 1608 7⁰0
636 1512 753 1574 Coorna
769 1509 946 1574 svnvaanon
961 1519 1088 1590 utroquo
1104 1508 1193 1574 libra.

213 1665 396 1732 Accedimus
411 1666 449 1730 ad
464 1665 625 1730 Prudentii
645 1682 722 1746 opus
744 1663 970 1744 gravissimum,
992 1663 1117 1728 maximi
1138 1661 1296 1744 ponderis,
1318 1679 1378 1744 quo
1400 1664 1450 1728 sui

172 1765 321 1846 temporis
347 1757 577 1830 discriminibus
602 1781 682 1842 sese,
710 1770 816 1828 contra
841 1779 960 1826 morem
980 1780 1084 1844 suum,
1107 1762 1285 1835 immiscuit,
1308 1763 1390 1844 quod
1411 1763 1450 1828 ad

171 1864 264 1944 plane
289 1860 506 1945 explicandum
528 1863 674 1927 historico
698 1863 919 1927 commentario
942 1877 1019 1941 opus
1040 1868 1123 1926 esset
1144 1860 1224 1924 ultra
1247 1861 1340 1942 bajus
1365 1859 1451 1924 valu-

171 1962 264 2026 minis
280 1961 430 2026 terminos
444 1968 476 2026 et
502 1961 767 2044 circumscriptam
787 1961 950 2026 materiem
973 1960 1176 2041 procedente,
1200 1960 1282 2042 qnod
1303 1960 1392 2024 nohis
1418 1960 1451 2024 in

171 2061 275 2125 animo
291 2067 338 2124 est
352 2069 473 2125 tantum
488 2047 613 2126 efficere
628 2067 663 2126 at
682 2060 858 2125 summatim
873 2058 1080 2142 amplectaris,
1097 2058 1201 2139 specie
1215 2057 1360 2124 universa
1377 2058 1452 2122 doti-

171 2151 291 2242 busque
305 2160 469 2242 praeripuis
483 2158 598 2246 quihus
611 2159 690 2224 nitet
704 2159 895 2240 significatis.

211 2257 333 2325 Primus
348 2259 462 2324 Contra
473 2259 696 2338 Symmachum,
711 2259 835 2322 sirecte
851 2257 1129 2338 conjectaverimtvs
1141 2257 1191 2339 (³),
1204 2256 1345 2340 principe
1356 2259 1452 2323 Theo-

172 2357 271 2436 dasio,
288 2373 370 2422 anno
384 2358 444 2421 304
458 2347 591 2438 scriptus
606 2357 759 2446 est,¹alter
773 2357 832 2420 404
845 2354 894 2420 vel
916 2357 987 2435 405,
1010 2357 1151 2438 principe
1167 2357 1317 2436 Honorio,
1333 2358 1452 2424 scilicet

172 2456 253 2521 alter
272 2473 343 2522 cum
361 2457 504 2535 jacerent
523 2456 628 2522 obruti
657 2462 689 2520 et
710 2455 850 2533 silentes,
874 2455 1039 2520 Theodosii
1067 2457 1170 2538 rigore
1195 2456 1346 2537 oppressi,
1373 2459 1451 2538 pris-

175 2570 284 2619 corum
299 2554 463 2619 numinum
478 2553 627 2633 lautores,
643 2553 722 2618 alter
738 2571 807 2620 cum
828 2553 1006 2633 Christiani,
1023 2554 1119 2634 gratia
1140 2554 1284 2636 equidem
1302 2554 1452 2636 principis

172 2658 369 2733 poterentur,
391 2669 454 2717 non
475 2652 544 2718 sine
563 2660 649 2719 metu
671 2658 774 2716 tamen
796 2653 940 2718 viderent
963 2669 1022 2733 qua
1046 2653 1237 2730 celebritate,
1256 2655 1450 2732 auctoritate,

173 2751 287 2816 decore
301 2751 502 2832 Symmachus
516 2753 688 2832 frueretur,
702 2751 819 2816 Senatu
835 2768 963 2816 romano
978 2752 1114 2832 lavante,
1131 2752 1273 2834 principe
1292 2751 1452 2832 indulgen·

171 2851 257 2915 tiori.
283 2849 359 2916 lnde
384 2852 420 2914 lit
442 2857 478 2915 nt
501 2852 620 2932 primus
643 2850 898 2916 declamatorium
919 2867 996 2935 opus
1017 2851 1068 2928 sit,
1090 2850 1192 2934 suetis
1206 2847 1452 2916 Christianorum

173 2948 344 3023 conviciis,
364 2956 399 3014 nt
425 2950 595 3014 victoribus
623 2966 689 3014 mos
717 2955 776 3028 est,
801 2949 898 3014 elluso
926 2955 959 3013 et
986 2949 1141 3028 jactanter
1168 2948 1321 3030 congestis
1329 2970 1338 3028 3
1373 2951 1452 3014 alter

172 3045 311 3128 pressior
329 3053 361 3110 et
380 3034 556 3126 adstrictor,
579 3048 735 3112 subtiliter
757 3054 788 3110 et
813 3047 926 3111 acriter
949 3047 1098 3126 disputet,
1120 3053 1301 3127 argumenta
1322 3055 1451 3128 querat,

172 3152 358 3226 componat,
389 3146 528 3226 colligat,
555 3145 642 3227 qnasi
672 3144 790 3213 lorensi
815 3145 1010 3230 eloquentia,
1037 3162 1109 3210 cnm
1137 3151 1245 3210 auctor
1266 3154 1452 3226 praesentem

172 3244 399 3324 adversarium,
416 3261 475 3308 nec
487 3245 656 3326 jacentem,
672 3244 728 3308 sed
742 3250 876 3308 stantem
891 3244 1084 3324 minimeque
1095 3245 1314 3310 conturbatum
1328 3245 1451 3310 sentiat.

172 3344 250 3419 Quae
263 3361 333 3409 cnm
347 3345 388 3408 ita
403 3342 476 3422 sint,
493 3361 555 3408 non
572 3344 676 3410 dicere
691 3360 769 3426 opus
784 3351 831 3408 est
850 3343 1021 3408 secundum
1041 3343 1073 3407 C.
1093 3343 1125 3408 S.
1147 3343 1238 3424 longe
1257 3344 1353 3425 priori
1375 3363 1453 3426 prm·

173 3451 270 3506 stare.
292 3445 359 3506 iam
380 3444 555 3532 notavimus
576 3441 780 3508 Prudentinm
797 3442 897 3508 molto
913 3442 983 3522 plus
1002 3459 1091 3522 aquo
1111 3443 1330 3508 declamatorio
1345 3447 1453 3524 generi

172 3541 349 3622 indulgere,
366 3559 425 3606 nec
447 3557 583 3630 unquam
605 3542 801 3628 occasionem
821 3541 966 3624 vitavisse
989 3542 1095 3606 chusae
1117 3548 1150 3604 et
1169 3542 1365 3622 amplissimae
1385 3561 1452 3608 ora-

173 3640 268 3703 tionis
283 3641 424 3705 edendae.
446 3642 489 3704 lta
505 3641 538 3703 in
555 3636 796 3719 Psychomochia
810 3640 963 3703 erravisse
979 3646 1120 3703 nostrum
1135 3642 1453 3706 animadvertebamus

172 3755 246 3800 cum
255 3739 443 3802 Pudicitiam
458 3746 520 3802 tam
533 3738 845 3824 iucundeuvictricem
859 3738 973 3820 (53-97)
988 3738 1118 3817 inducit,
1131 3737 1327 3802 sobrietatem
1342 3757 1452 3820 parum

172 3839 209 3900 in
224 3837 379 3917 loquendo
402 3844 628 3918 temperantem
651 3832 820 3918 (350400),
845 3831 1043 3900 Concordiam
1064 3851 1107 3898 ex‘
1123 3835 1268 3900 cathedra
1289 3855 1453 3901 sermonem

173 3925 390 4015 evangelicum
407 3935 589 3998 diluentem.
606 3935 689 3998 Nihil
704 3942 806 3998 autem
823 3935 905 3998 aliud
921 3943 967 3997 est
979 3935 1098 3996 Primus
1114 3933 1146 3997 C.
1160 3931 1190 3996 S.
1203 3934 1261 3997 nisi
1273 3934 1453 4000 Concordia

173 4035 335 4113 cujusdam
352 4034 600 4098 aut.Sobrietatis
616 4033 764 4098 adversus
775 4031 894 4098 Gent'e's'
904 4030 1018 4097 serinoL
1033 4027 1198 4114 Postquam
1208 4027 1315 4114 poetas
1329 4036 1453 4099 meritas

173 4133 351 4198 Theodosio
380 4127 489 4196 laudes
511 4140 543 4196 et
565 4141 667 4213 grates
694 4131 785 4195 solvit
813 4133 990 4210 exordiens,
1020 4148 1150 4212 superos
1175 4133 1353 4214 inferosque
1374 4137 1454 4198 Deos

172 4233 365 4311 aggreditur.
383 4233 494 4296 Nonne
509 4239 634 4312 praestat
648 4232 894 4298 Christianorum
910 4234 991 4296 Deus
1009 4230 1054 4294 illi
1078 4229 1224 4310 Saturno,
1240 4235 1304 4314 qui,
1318 4239 1454 4297 mutatus

172 4332 349 4412 inequum,
363 4332 470 4398 Tuscis
481 4331 656 4412 virginibus
671 4331 885 4410 adhinniebat,
899 4333 966 4396 lovi
981 4332 1034 4412 qui
1046 4332 1129 4395 tauri
1145 4333 1280 4412 speciem
1295 4333 1452 4407 induebat,

171 4431 334 4511 Europam
347 4431 461 4511 rapuit,
477 4431 689 4512 Ganymedem
703 4431 742 4496 ad
756 4438 898 4512 stuprum
912 4431 1061 4500 abduxit?
1083 4431 1148 4495 lloc
1163 4438 1252 4512 pacto
1265 4438 1356 4514 poeta
1369 4449 1455 4496 acer·

172 4527 257 4594 rime
287 4527 446 4610 discerpit,
474 4529 617 4594 sordibus
645 4528 755 4605 inficit,
789 4528 904 4598 sabbas
934 4529 1047 4594 amaris
1077 4529 1229 4610 dispergit
1254 4530 1454 4610 Mercurium,

173 4626 336 4708 Priapum,
356 4626 523 4692 llercalem
538 4633 570 4692 et
589 4627 713 4708 hylam,
729 4629 897 4708 Bacchum,
920 4627 1084 4693 blaenadas.
1107 4630 1248 4693 Deumne
1266 4627 1369 4694 Solem
1387 4645 1457 4711 pre

212 4787 245 4851 (¹)
260 4787 293 4838 V.
307 4787 403 4847 Baehr,
417 4787 464 4839 llio
474 4785 654 4841 Chrisilichau
663 4787 772 4841 Oichtm
783 4803 811 4853 p.
824 4789 866 4848 80,
875 4789 970 4840 notula
982 4789 1018 4839 th.

211 4867 243 4932 (¹)
258 4867 330 4920 Vide
342 4873 469 4944 nostrum
477 4868 515 4922 do
528 4869 581 4922 hoc
592 4884 622 4922 re
633 4883 780 4921 excursum
792 4881 883 4936 supro,
896 4874 980 4934 eaput
991 4869 1118 4935 primum,
1131 4869 1143 4934 ἓ
1154 4869 1185 4918 ll.
