3640 5670
759 504 940 575 -77-‘

396 635 435 686 Te
447 645 533 686 senes
546 635 576 686 et
587 633 740 699 juventus,
755 633 947 697 parvulorum
959 636 989 684 te
1003 631 1120 700 chorus,

394 724 492 776 Turba
504 726 636 776 matrum
649 722 872 787 virginumque,
884 721 1032 786 simplices
1045 721 1197 790 puellulae,

397 815 472 866 Voce
485 811 640 865 concordes
652 811 767 876 pudicis
779 806 965 876 perstrepant
978 810 1180 864 concentibus.

396 955 570 1008 Fluminum
583 956 684 1018 lapsus
698 958 727 1008 et
740 955 837 1021 undae,
853 955 989 1008 littorum
1002 953 1163 1018 crepidines

397 1047 504 1114 Imber,
518 1048 621 1113 aestus,
636 1045 697 1115 nix,
712 1045 830 1112 pruina,
844 1045 920 1098 silva
933 1049 962 1097 et
974 1058 1057 1113 aura,
1072 1056 1140 1112 nox,
1158 1044 1221 1098 dies

398 1135 543 1188 Omnibus
556 1138 585 1188 te
597 1135 800 1187 concelebrent
813 1134 981 1187 seculorum
993 1133 1112 1187 seculis.
1126 1129 1229 1202 (Gallu.
1244 1136 1296 1205 IX,
1311 1132 1375 1204 104)

244 1287 320 1364 Hoc,
336 1286 470 1366 exempli
486 1303 587 1366 causa,
604 1286 676 1348 fidei
697 1286 780 1349 idern
800 1250 832 1348 01
853 1284 918 1365 spei
935 1292 1035 1348 oetam
1053 1285 1135 1364 lege,
1152 1302 1212 1366 quo
1233 1285 1342 1349 tertius
1366 1285 1479 1351 Gathe-

205 1385 347 1448 meriuon
363 1385 569 1463 concluditur,
584 1383 726 1464 simplex,
741 1401 846 1464 grave,
860 1390 892 1448 et
907 1383 1052 1464 quadam,
1064 1391 1097 1447 ut
1112 1381 1279 1449 Horatiano
1295 1386 1390 1450 verbo
1406 1392 1478 1457 utar

213 1483 269 1546 ‹vi
285 1489 454 1564 temperata
470 1507 481 1541 ι
504 1484 681 1547 intentum:

525 1637 615 1690 Credo
628 1636 773 1704 equidem,
788 1649 842 1690 nec
856 1650 931 1691 vana
944 1637 1027 1704 fides,
1126 1643 1131 1652 '

526 1727 650 1792 Corpora
664 1727 760 1780 vivere
772 1739 853 1778 more
866 1727 974 1780 animae
988 1747 994 1777 :

525 1817 600 1870 Nam
611 1816 697 1869 modo
710 1827 882 1880 corporeum
894 1817 1019 1870 memini

527 1908 567 1958 De
579 1905 771 1970 Phlegetonte
784 1905 879 1971 gradu
892 1905 973 1958 sacili

525 1995 570 2048 Ad
584 2007 706 2061 superos
717 2007 863 2048 remeasse
876 1996 979 2050 Deum.
1022 1982 1024 1986 ’

527 2141 598 2207 Spes
611 2142 711 2193 eadem
722 2153 789 2194 mea
800 2142 933 2193 membra
945 2143 1059 2207 manet,

529 2231 610 2300 Qua,
625 2231 785 2284 redolentia
797 2230 918 2283 funereo

529 2321 618 2373 Jussa
631 2321 778 2385 quiescere
791 2319 981 2388 sarcophago,

528 2413 595 2463 Dux
609 2409 696 2474 parili
708 2410 857 2464 redivivus
877 2410 969 2464 humo

437 2508 441 2518 ·
528 2503 619 2566 Ignea
631 2499 768 2554 Christus
781 2501 817 2553 ad
829 2503 910 2554 astra
921 2504 1016 2554 vocat.
1032 2496 1132 2569 (Cart.
1148 2505 1199 2573 lli,
1215 2499 1276 2572 196)

154 2630 159 2642 ¹
249 2653 330 2716 11000
360 2651 537 2734 ἀποστροφῆς
560 2650 748 2729 exemplum.
778 2651 942 2730 Postquam
967 2651 1160 2734 Prudentius¹
1177 2653 1338 2734 exsequias
1367 2653 1486 2718 deiunti

213 2749 385 2832 descripsit,
409 2756 441 2812 et
462 2746 565 2812 vivide
587 2764 604 2812 e
630 2748 749 2812 tumulo
771 2748 810 2811 ad
838 2747 951 2812 coelum
972 2750 1163 2831 provocavit,
1186 2751 1429 2816 circunstantem
1457 2759 1488 2817 ct

211 2848 370 2930 lugentem
386 2847 423 2912 ad
439 2863 585 2911 coronam
601 2847 738 2928 respicit,
754 2854 785 2910 et
799 2848 1005 2912 vehementer
1019 2848 1194 2913 exclamat:

565 3003 641 3067 Quid
652 3003 742 3056 turba
754 3007 905 3069 superstes
918 2998 1022 3070 inepta’

566 3092 714 3158 clangens
727 3092 894 3146 ululamina
905 3093 1021 3161 miscet,

566 3182 626 3234 Cur
638 3184 701 3234 tam
714 3181 788 3234 bene
800 3182 918 3236 condita
929 3183 997 3245 jura

568 3273 663 3325 Luctu
676 3270 757 3324 dolor
768 3271 869 3337 arguit
881 3268 1006 3326 amens?

566 3419 632 3470 Jam
644 3419 750 3470 maesta
764 3416 880 3482 quiesce
894 3416 1023 3483 querela,

566 3506 714 3558 Lacrimas
727 3506 900 3571 suspendite
913 3509 1035 3575 matres,

568 3596 674 3648 Nullus
687 3609 743 3649 sua
754 3595 879 3661 pignora
890 3596 1015 3662 plangat
1027 3616 1034 3651 :

570 3686 646 3738 Mors
659 3681 723 3738 hacc
734 3685 880 3750 reparatio
893 3685 963 3740 vitae
976 3689 1030 3740 est.
1046 3683 1146 3756 (Colla.
1161 3690 1198 3758 X,
1214 3686 1277 3753 113)

216 3838 446 3917 Nonnunquam
467 3834 592 3915 grandis
614 3834 814 3914 sublimisque
834 3833 964 3914 effigies,
982 3833 1088 3917 paucis
1108 3835 1211 3899 verbis
1234 3853 1392 3918 expressa,
1409 3836 1491 3901 clau-

216 3938 314 4000 sulam
329 3935 469 4009 exsolvit,
485 3933 684 4012 animumque
698 3932 821 3995 lectoris
837 3933 922 4012 quasi
938 3933 970 3995 in
992 3933 1178 3997 immensum
1193 3935 1326 4016 spatium
1342 3935 1490 4000 immittit.

217 4036 379 4115 Postquam
393 4050 455 4116 quo
473 4033 557 4097 cultu
576 4030 705 4096 Eulalia
725 4032 880 4096 tumulum
903 4032 1011 4095 deccat
1036 4033 1197 4099 honestari
1223 4035 1314 4117 dixit,
1337 4036 1439 4100 sobrie
1462 4042 1493 4099 et
1603 4111 1604 4114 Ἴ

217 4134 378 4216 granditer
392 4131 484 4196 simul
497 4131 583 4195 addit
603 4147 610 4190 :

550 4269 553 4277 ’
573 4248 620 4304 Sic
631 4250 797 4304 venerarier
809 4263 877 4304 ossa
889 4251 962 4304 libet

572 4339 695 4393 Ossibus
708 4341 784 4394 altar
797 4342 826 4394 et
838 4339 1020 4404 impositum.

572 4429 627 4481 Illa
638 4430 690 4482 Dei
704 4430 763 4483 sita
775 4432 831 4483 sub
844 4430 969 4494 pedibus

571 4520 713 4584 prospicit
726 4520 799 4589 lraec,
813 4520 995 4587 populosque
1007 4531 1078 4575 suos

570 4609 707 4662 Carmine
719 4608 869 4674 propitiali
880 4609 969 4666 favet.
985 4607 1107 4680 (Perist.
1122 4615 1174 4679 ΙΙΙ,
1188 4611 1252 4682 211)

260 4757 423 4823 ltiraretur
436 4757 534 4822 lector
545 4756 570 4820 si
584 4757 786 4822 benemerito
801 4758 1037 4823 celeberrimam
1050 4763 1225 4844 ἀποστροφὴν
1240 4759 1417 4826 omitterem
1435 4775 1496 4842 qua
1537 4736 1539 4740 ¹

220 4857 405 4922 Prudentius
427 4857 588 4921 Bethleem
604 4857 773 4921 incoactos
795 4856 961 4922 trucidatos
983 4859 1104 4938 allator,
1121 4875 1189 4937 quae
1210 4875 1285 4924 1010
1306 4868 1437 4924 venusta
1465 4867 1497 4925 et
