3592 5668
629 1311 790 1406 CAPUT
823 1311 1016 1406 PRIMUM

270 1541 365 1620 Quis
384 1545 502 1613 tuerit
521 1545 772 1631 Prudentius,
789 1565 877 1635 quae
898 1543 981 1634 ejus
1002 1544 1096 1627 vite,
1113 1543 1227 1626 iacta,
1245 1557 1375 1630 opera.

743 1773 899 1786 -n-—n-—n-

204 2001 208 2008 ’
222 1987 248 2070 '5
261 1989 283 2050 1.
298 2020 338 2033 -
351 1989 394 2050 De
404 1987 525 2050 Aurelii
537 1986 698 2050 Pundentii
708 1985 863 2052 Clementis
879 1988 953 2064 loeo,
968 1994 1047 2062 ortu,
1061 1985 1136 2062 nitu,
1150 1993 1256 2060 morte,
1268 1981 1416 2050 monibus.

227 2176 323 2255 Prope
338 2176 462 2239 nullum
476 2177 626 2239 habemus
641 2177 757 2238 iontem
770 2175 855 2253 *unde
866 2191 936 2252 quse
951 2173 990 2236 ed
1005 2172 1165 2236 Prudentii
1186 2172 1283 2235 vitam
1301 2172 1459 2253 pertinent

187 2271 378 2349 hauriamus
389 2279 502 2353 praeter
512 2273 608 2353 ipsius
620 2274 743 2352 scripte.
757 2271 904 2335 Sidonius
915 2271 1115 2351 Apollinaris,
1129 2271 1161 2332 in
1173 2269 1300 2350 epistole
1311 2269 1456 2348 quedem,

187 2370 346 2434 Prudentii
367 2387 480 2434 nomen
501 2376 622 2434 tantum
642 2370 829 2450 praestringit
851 2369 899 2433 iris
922 2369 1043 2432 verbis:
1077 2369 1173 2432 «Nou
1201 2369 1311 2430 similis
1329 2368 1459 2430 scientiae

187 2468 258 2543 uiri,
276 2467 347 2530 limo
361 2467 560 2548 Aeupustiuus,
579 2468 650 2530 line
669 2470 777 2543 Vumo,
795 2467 866 2530 liiue
878 2468 1038 2543 Horatius,
1056 2467 1127 2528 lime
1146 2466 1325 2528 Prudentius
1344 2466 1459 2528 lentitu-

187 2561 337 2627 imutue.»
363 2563 522 2628 Prudentii
542 2571 664 2628 tentum
683 2565 953 2644 Psuelomueltium
975 2564 1114 2628 Alcimus
1141 2563 1251 2626 Avitus
1276 2579 1340 2626 uno
1366 2580 1458 2626 versu

186 2661 337 2741 attingere
352 2668 382 2725 et
395 2661 570 2742 significare
584 2661 726 2726 videtur:

395 2811 467 2872 Quae
480 2808 619 2872 prudenti
632 2807 703 2861 olim
716 2807 821 2862 cecinit
834 2807 1012 2862 Prudentius
1024 2821 1082 2862 ore.

141 2947 143 2952 ’
226 2953 290 3020 Hoo
311 2955 348 3020 de
368 2957 536 3020 Prudentio
550 2955 728 3021 Gennadius
744 2957 782 3036 (¹)
801 2977 808 3020 :
833 2957 1042 3020 «Prudentius
1061 2955 1191 3019 seculari
1205 2957 1380 3019 litterature
1393 2973 1460 3018 mut·

184 3054 265 3117 ditus
274 3057 438 3134 composuit
448 3062 577 3117 troeeum
589 3051 626 3133 (²)
636 3056 670 3116 de
682 3062 739 3117 toto
751 3057 842 3116 ueteri
851 3062 881 3116 et
890 3071 965 3117 nouo
978 3063 1149 3117 testamento
1158 3055 1291 3133 personis
1300 3054 1457 3132 eueetptis.

186 3151 406 3215 Commeututus
427 3159 471 3214 est
496 3155 528 3214 iu
546 3168 658 3214 morem
678 3169 835 3232 prucorum
857 3169 1013 3214 enemeeon
1036 3152 1070 3214 de
1095 3152 1201 3214 mundi
1224 3148 1344 3232 [altitu
1367 3167 1460 3230 usque

185 3250 226 3310 ml
238 3251 433 3312 conditionem
444 3251 537 3327 primi
552 3250 680 3312 luminis
693 3257 723 3311 et
729 3249 1008 3326 prevaricationem
1023 3249 1097 3327 ejus.
1116 3247 1286 3328 Composuit
1302 3256 1331 3310 et
1345 3247 1459 3312 libellos

184 3357 256 3426 quos
275 3365 365 3427 prece
385 3348 581 3426 appellatione
596 3349 789 3426 pretituluuit
800 3345 976 3426 apotheosis,
999 3345 1219 3425 pspeltomuein,
1242 3346 1458 3425 umnutiueniu,

184 3446 274 3508 idest
291 3446 325 3507 le
342 3444 508 3515 diuinitate,
526 3446 561 3508 de
574 3447 794 3522 componelioue
812 3447 919 3516 enimi,
937 3443 971 3506 de
987 3446 1103 3525 oriuine
1116 3452 1318 3525 peecatorum.
1335 3445 1418 3506 Fecit
1430 3451 1461 3506 et

184 3545 216 3605 iu
231 3543 346 3605 leudem
358 3550 528 3622 martyrum
542 3540 596 3606 sui
608 3543 777 3622 aliquorum
791 3541 963 3606 nominibus
976 3543 1186 3605 invitatorium
1201 3540 1310 3605 librum
1324 3559 1416 3604 unum
1432 3549 1462 3604 et

184 3641 361 3720 lymuoeum
384 3642 522 3714 ulturum,
538 3642 661 3720 speciali
682 3647 781 3704 tumen
801 3643 962 3704 intentione
982 3641 1122 3702 udumsus
1136 3639 1347 3719 Spmmnolum
1368 3639 1459 3700 idolo-

185 3737 310 3800 latrium
323 3738 522 3817 defendentem
538 3755 574 3800 ux
588 3755 700 3808 ouonuu
717 3755 853 3801 tectione
866 3755 1039 3802 nuuosotrus
1054 3754 1208 3800 enutriens
1221 3753 1305 3798 uiuus
1318 3753 1426 3798 tuisse.
1440 3759 1452 3792 »

223 3833 274 3899 Nil
302 3836 394 3899 ultre.
422 3836 518 3900 Nobis
555 3853 630 3899 vero
670 3837 797 3917 contigit
825 3843 870 3911 ut,
909 3835 1029 3900 callidis
1067 3833 1306 3898 aestimetorihus
1336 3850 1456 3909 terens,

182 3933 369 3997 Prudentius
406 3933 471 4014 ipse
504 3933 699 3997 documentis
742 3935 928 4012 quibusdem
957 3939 988 3996 et
1013 3932 1077 3995 suis
1108 3931 1279 4012 praesertim
1313 3933 1459 4011 operibus

182 4031 339 4094 veriorem
367 4037 398 4095 et
425 4031 595 4112 pleniorem
624 4032 674 4095 sui
703 4033 837 4110 effigiem
867 4031 1067 4096 exscriberet.
1094 4031 1204 4107 Quam,
1230 4029 1297 4110 ipso
1323 4029 1401 4093 duee
1428 4035 1460 4092 et

182 4128 340 4207 magistro,
358 4131 587 4196 accuratissime
601 4147 686 4195 nuno
702 4130 900 4210 aggredimur·
913 4129 1084 4192 delineare.

223 4226 382 4291 Aurelium
396 4229 596 4291 Pendentium
610 4229 785 4291 Clementem
800 4227 927 4291 nomino
943 4226 1089 4290 hahuisse
1099 4227 1245 4290 Nostrum
1260 4242 1298 4288 ex
1313 4225 1458 4288 omnibus

183 4324 485 4407 doeumentispetet.
502 4325 646 4404 Plerique
664 4328 804 4391 Murcum
817 4341 1009 4405 prenomen,
1027 4324 1154 4402 quidem
1168 4323 1312 4386 Flauium
1328 4324 1456 4386 addunt.

181 4423 305 4488 Muretus
317 4440 498 4504 praenomen
507 4441 570 4487 non
584 4423 617 4485 in
628 4423 878 4487 oodieePuteano
889 4422 1181 4501 (Biblioth.Nstion.
1190 4420 1355 4485 Parisiensi
1366 4421 1458 4502 81181)

213 4590 246 4654 (¹)
266 4590 298 4642 ile
317 4589 383 4642 Viris
393 4591 558 4653 illustribus,
572 4593 608 4644 13.

214 4671 246 4734 (¹)
262 4671 307 4722 Sio
326 4673 354 4722 in
370 4672 511 4724 Vutioenae
526 4671 586 4724 ood.
600 4671 774 4738 palimpsesto
785 4672 862 4724 Alex.
875 4672 937 4722 tort
949 4685 965 4723 a
976 4668 1086 4722 Dressel
1098 4671 1207 4722 loetum.
1221 4667 1309 4720 Video
1321 4668 1348 4718 in
1363 4667 1460 4718 oodiee

180 4749 309 4806 Biblioth.
322 4751 430 4803 Notion.
448 4753 612 4804 Perisiensis
631 4753 781 4818 (Nouuslles
803 4751 986 4820 Anquisitious
1006 4749 1110 4818 luliues,
1133 4751 1193 4816 tlt)
1214 4750 1368 4816 Kyrosnum
1381 4748 1458 4812 (sie);

182 4831 283 4897 quibus
295 4833 454 4886 nominihus
467 4833 639 4897 Dittochaeon
653 4833 725 4885 houd
737 4833 822 4886 dubie
835 4833 1001 4898 designetur.
