3592 5668
872 534 910 546 ..
932 501 971 562 64
991 534 1030 545 -

319 618 466 683 miracula
488 618 658 698 superabit,
682 617 833 682 Ambrosii
854 617 892 682 ad
907 614 1075 697 exemplar.
1094 615 1293 680 Puerolesus
1306 622 1429 680 mortuo
1444 631 1580 697 «turpe»

315 719 411 782 dixit:
428 717 479 782 ille
505 719 612 798 surgit.
636 716 721 781 ldom
742 719 891 781 Lazarum
909 715 999 796 jubet
1019 714 1137 780 rivere.
1165 713 1278 778 Christi
1308 713 1465 780 miraculis
1492 715 1585 780 lutari

316 834 438 898 quoque
453 822 590 896 stupent,
603 831 732 897 quorum
745 823 845 896 porta,
857 813 910 878 illo
920 831 976 880 seu
986 815 1144 892 veniente,
1156 829 1211 878 seu
1222 812 1407 893 decedente,
1415 820 1584 877 reseratur.

315 915 390 978 Cum
405 914 536 979 moritur
550 915 650 993 lesus,
667 914 712 977 sol
733 913 855 994 refugit,
876 913 1000 994 lugubri
1017 911 1175 992 ferrugine
1197 912 1279 975 orbis
1298 911 1467 976 involvitur
1473 932 1483 989 ;
1505 917 1586 991 post-

314 1030 405 1093 quam
421 1014 505 1078 cruci
521 1013 630 1076 affixus
645 1012 779 1076 animam
794 1011 933 1076 Christus
948 1011 1072 1086 efflavit,
1088 1009 1304 1076 comitantibus
1316 1017 1419 1074 tamen
1431 1011 1585 1088 sanctiss

314 1113 433 1177 tumulo
447 1112 555 1176 vivens
572 1112 709 1177 exoritur
723 1132 731 1175 ι

525 1276 569 1330 Ad
582 1277 702 1332 brevem
714 1289 745 1330 se
758 1277 861 1330 mortis
875 1288 965 1330 usum
977 1275 1038 1329 (lux
1051 1275 1158 1329 salutis
1171 1275 1280 1328 dedidit

525 1369 655 1420 Mortuos
669 1365 740 1419 olim
752 1367 884 1431 sepultos
897 1369 932 1419 ut
945 1365 1037 1418 redire
1051 1365 1240 1430 insuesceret,

524 1458 682 1512 Dissolutis
693 1458 888 1546 pristinorum
901 1457 1029 1512 vinculis
1041 1456 1256 1521 peccaminum.
1271 1451 1373 1525 (dett.
1387 1457 1436 1520 IX,
1451 1453 1496 1526 94)

305 1627 307 1630 ’
353 1629 462 1692 Postea
474 1629 563 1692 lesus
581 1628 733 1690 «arduom
746 1626 884 1692 tmhaool
897 1627 1003 1690 Putris
1018 1625 1238 1707 maodttpjuhi
1253 1632 1285 1690 et
1295 1641 1386 1691 senes
1398 1625 1584 1705 etjorenlus

312 1735 343 1790 ct
357 1726 477 1807 paruuli
492 1742 564 1792 eum
585 1725 745 1790 «omnibus
760 1723 1144 1788 coucelebraatseculcrum
1156 1724 1298 1788 seculis.»

354 1827 401 1903 (K)
423 1825 553 1888 Dacruus
575 1825 642 1888 «od
659 1825 868 1904 defunctorum
891 1823 1067 1903 assequtus»
1090 1829 1218 1904 spectat.
1240 1824 1322 1887 Deus
1341 1822 1500 1887 hominem
1520 1825 1585 1888 efd-

311 1924 415 2002 gravit.
432 1925 538 2004 ltaque
554 1939 641 1988 suam
656 1923 822 2002 imaginem
837 1938 899 1986 non
916 1922 1013 1985 deleri
1029 1922 1060 1985 in
1084 1928 1234 1986 aternum
1254 1923 1346 1986 sinet.
1370 1923 1416 1986 Ea
1437 1922 1495 1986 hac
1517 1940 1584 1986 sen-

312 2022 419 2099 tentia,
437 2023 537 2102 ampla
554 2022 677 2102 quidem
693 2029 724 2085 et
739 2021 835 2101 gravi,
854 2021 1022 2100 profectus,
1036 2021 1123 2085 brevi
1140 2021 1326 2086 Prudentius
1337 2021 1368 2084 in
1385 2021 1582 2086 dialecticum

311 2136 408 2199 genus
434 2119 537 2200 poesis
558 2119 667 2182 incidit
688 2119 779 2199 paulo
800 2118 972 2181 obscurius.
996 2117 1040 2181 hd
1064 2118 1287 2197 scripturarum
1311 2119 1492 2182 memoriam
1515 2126 1584 2199 post

310 2225 473 2282 revocatus
488 2225 590 2298 poeta,
606 2223 641 2280 ut
655 2216 744 2289 solet,
761 2216 937 2296 exemplum
957 2215 1059 2278 Tobiae
1075 2215 1164 2280 nobis
1178 2215 1335 2298 proponit,
1351 2217 1439 2297 cujus
1453 2219 1583 2282 mortuis

308 2316 473 2380 humandis
499 2332 571 2380 cura
601 2321 683 2378 tanta
706 2314 852 2378 mercede
873 2321 999 2394 excepta
1023 2321 1080 2378 est.
1113 2315 1157 2378 Ne
1180 2316 1269 2380 malis
1299 2315 1393 2396 igitur
1423 2316 1584 2396 frangatur

309 2417 415 2495 horno,
435 2415 550 2496 quippe
573 2415 636 2476 «cd
655 2421 742 2476 ostro
757 2411 911 2476 doloribus
930 2414 1030 2476 itur.»
1053 2414 1124 2477 Post
1145 2414 1417 2494 resurrectionem,
1440 2413 1583 2479 «morbus

308 2532 365 2577 suo
381 2521 531 2577 tormento
544 2513 605 2576 luat
617 2512 701 2575 tallia
717 2512 799 2574 iuter
812 2512 976 2575 clocula.»
999 2511 1077 2587 Quid
1096 2511 1200 2592 igitur,
1221 2513 1294 2592 quid
1317 2515 1405 2577 turba
1426 2523 1582 2594 superstes

309 2610 542 2691 intempestivos
572 2609 708 2673 ululatus
738 2609 943 2690 querelasque
975 2609 1086 2689 impias
1118 2609 1203 2674 editt
1231 2610 1424 2692 compescite
1456 2617 1582 2691 questus

308 2708 470 2790 pudendos
477 2730 486 2786 3
503 2707 606 2771 nullus
622 2707 786 2787 plangatur
802 2707 839 2770 de
856 2707 918 2770 suis
933 2706 1131 2786 pignoribus:

624 2853 701 2905 Mors
714 2851 778 2905 haec
791 2851 934 2916 reparatio
947 2851 1016 2906 vitae
1030 2855 1083 2906 est.
1100 2848 1175 2922 (120)

346 3027 432 3087 Inter
456 3021 632 3102 gravissima
656 3026 687 3082 et
707 3019 890 3083 excellentia
918 3027 1058 3100 poemata
1081 3020 1241 3084 Prudentii
1266 3021 1499 3086 commendatur
1521 3025 1580 3087 hoc

308 3139 434 3186 carmen
451 3121 571 3184 sincera
587 3119 662 3198 fide,
677 3127 784 3182 tenera
800 3118 928 3198 pietate,
943 3118 1038 3182 nobili
1055 3124 1087 3181 et
1100 3119 1161 3182 alto
1178 3119 1299 3200 spiritu,
1316 3135 1384 3199 quae
1397 3120 1487 3185 simul
1502 3139 1580 3185 com-

307 3227 451 3284 moveant
476 3220 594 3282 animos
624 3224 655 3281 et
680 3217 839 3282 extollant.
868 3217 1072 3282 Memoremus
1101 3218 1229 3298 insuper
1251 3217 1389 3283 ultimam
1416 3221 1577 3301 stropheu,

305 3319 429 3397 antiqua
445 3317 642 3396 simplicitate
657 3316 798 3379 eximiam
813 3336 820 3378 :

625 3484 681 3535 Nos
694 3485 772 3536 tacta
784 3483 951 3536 fovebimus
964 3495 1030 3536 ossa

625 3572 719 3626 Violis
732 3575 761 3625 et
773 3570 875 3625 fronde
888 3571 1046 3638 frequenti,

622 3661 816 3726 Titulumque
829 3664 858 3714 et
871 3660 980 3726 frigida
992 3674 1064 3714 saxa

623 3750 744 3816 Liquido
758 3762 933 3816 spargemus
946 3750 1041 3804 odore.
1057 3746 1127 3820 (169)

344 3919 392 3997 (h)
422 3943 434 3976 a
453 3907 597 3981 Octavum
613 3919 689 3980 utem
704 3925 775 3980 cota
792 3918 943 3981 Kolcttdos
957 3903 1152 3980 luctuosius»
1174 3917 1267 3980 idest
1285 3916 1460 3980 activitatis
1481 3916 1575 3994 diem,

304 4016 441 4080 celebrat
458 4017 697 4079 Cathemerinon
713 4016 892 4079 Urnacruus.

344 4114 462 4194 inipso
486 4116 585 4178 Patris
611 4115 740 4194 gremio,
766 4115 874 4179 mundi
894 4115 958 4194 iam
985 4114 1109 4178 creandi
1128 4113 1282 4194 particeps
1302 4115 1401 4178 fuerat
1424 4113 1574 4178 Christus.

303 4213 392 4277 Nunc
413 4230 487 4277 vero
514 4212 707 4276 manifestior
728 4214 870 4277 omnibus
893 4212 1034 4277 Christus
1055 4212 1209 4290 nascitur;
1233 4214 1360 4277 verbum
1384 4229 1455 4276 caro
1476 4213 1523 4292 frt,
1546 4220 1577 4275 ot

310 4329 468 4374 «raucone
481 4328 603 4374 acroam
616 4312 784 4391 plotium.»
807 4311 939 4375 Barbara
955 4309 1099 4390 equidem
1115 4311 1181 4374 haec
1201 4288 1305 4388 dictio,
1326 4311 1381 4374 sed
1403 4327 1495 4391 quam
1509 4309 1577 4374 feli-

302 4410 379 4474 citer
393 4410 426 4474 S.
442 4409 639 4474 llmbrosium
654 4411 817 4475 aemulatur
832 4416 864 4473 et
877 4409 974 4474 vincit
988 4408 1173 4474 Prudentius
1187 4426 1256 4473 cum
1271 4408 1375 4472 addit:

655 4575 802 4644 Sentisne,
818 4575 907 4641 Virgo
920 4573 1038 4646 nobilis,

657 4667 772 4719 Matura
784 4677 837 4729 per
848 4663 977 4734 fastidia,

657 4754 780 4808 Pudoris
794 4754 940 4808 intactum
952 4757 1040 4809 decus

657 4847 772 4898 Honore
784 4849 889 4912 partus
901 4842 1049 4899 crescere?
1061 4844 1116 4912 (53)
