3592 5668
880 449 1042 512 -3t,-

324 564 474 640 dubitem,
504 563 581 628 alins
605 563 716 628 Montis
740 562 922 644 Pemulaui).
948 564 973 626 Ε
996 561 1294 643 quinamentorum
1313 561 1465 642 recogniti
1485 569 1594 626 sunta

322 662 470 727 sichardo
500 663 609 745 (codex
633 665 838 744 Argentorato
867 663 992 741 accitus,
1019 663 1097 744 alii),
1120 662 1294 727 Pulmanno
1320 661 1456 744 (cousues
1478 661 1606 726 dandae*

320 776 440 839 nenses,
466 762 682 844 Antuerpiani,
712 762 791 843 alii),
817 762 950 827 Weituio
975 760 1229 844 (Bonparsianns,
1254 761 1486 840 Egmondanus,
1512 760 1590 837 alii),

319 859 446 924 llarieto
461 860 717 942 (Ratislionensis,
730 861 942 939 Viennensis),
955 859 1089 924 Arevalo
1100 858 1209 941 (iidem
1219 860 1392 923 seeundum
1401 858 1592 939 ilarietum),

319 956 455 1023 Obbario
487 959 737 1040 (Guelferbitani,
767 957 1094 1039 Weissemlnurgensis,
1127 958 1206 1038 alii);
1239 957 1410 1022 Britannici
1441 958 1481 1020 alo
1511 956 1592 1020 Aldo

318 1055 468 1137 (insertus
496 1057 603 1138 unus),
633 1057 810 1122 Pulmanno·
835 1057 1057 1139 (oxoniensis);
1088 1057 1185 1121 italici
1213 1074 1232 1121 a
1259 1054 1391 1120 Weitnio
1421 1053 1592 1136 (Palatinus

317 1154 464 1237 waitzii),
490 1156 618 1218 llarieto
643 1155 801 1237 (Vaticani
827 1155 917 1233 3859,
946 1156 1035 1233 3860,
1065 1156 1183 1244 essi),
1199 1155 1332 1220 Arevalo
1361 1153 1589 1236 (Bononiensis,

316 1253 435 1317 lilarieti
450 1254 570 1318 oodioas
586 1254 763 1334 recogniti),
778 1255 945 1319 Dressellio
960 1255 1116 1334 (Vaticani
1128 1253 1302 1334 trigintaet
1314 1269 1408 1331 unus,
1430 1252 1593 1316 Mantuani

317 1351 404 1432 duo);
433 1352 553 1430 Gallici,
580 1369 702 1431 uereor,
728 1354 793 1418 iere
818 1370 835 1417 a
860 1355 960 1418 nullo.
986 1355 1055 1418 Non
1084 1353 1176 1417 rideo
1205 1353 1300 1430 enirn,
1331 1369 1391 1416 neo
1418 1352 1591 1430 conjectare

315 1467 440 1530 possum
457 1451 647 1515 chamillard
669 1451 790 1516 oodioes
811 1453 995 1532 parisienses
1017 1451 1188 1516 versarissa
1202 1467 1316 1530 mann3
1333 1451 1418 1531 quod
1432 1454 1539 1514 autem
1551 1449 1592 1513 ad

313 1565 476 1627 germanos
498 1550 642 1626 editores,
668 1550 838 1614 doctissimi
863 1551 909 1614 illi
932 1551 1086 1629 homines,
1108 1557 1144 1615 ut
1167 1567 1260 1631 supra
1280 1553 1374 1630 patet,
1404 1548 1590 1612 Teutonicos

314 1647 435 1712 eodioes
448 1648 572 1732 penitus
589 1649 728 1726 scrutati,
744 1649 796 1713 vel
809 1649 1062 1716 ltalinossedulo
1083 1648 1198 1726 rimati,
1220 1648 1406 1712 Parisienses
1431 1646 1589 1726 dedignati

312 1751 395 1810 sunt.
417 1746 487 1810 Non
513 1745 621 1811 dubito
646 1747 723 1825 quin
747 1747 868 1812 Dressel
895 1747 1049 1828 religiosae
1072 1747 1145 1812 tidei
1160 1752 1191 1810 et
1211 1747 1399 1811 venerandae
1421 1744 1590 1824 diligentie

311 1845 416 1921 homo,
439 1845 494 1907 etsi
514 1844 683 1910 minaeum
704 1845 835 1909 minoris
854 1846 947 1926 pretii
968 1851 999 1909 et
1021 1845 1215 1925 antiquitatis
1235 1859 1330 1924 quam
1345 1843 1397 1923 jus
1414 1844 1455 1907 sit
1473 1843 1590 1908 hahere

309 1943 426 2006 nitatur
440 1943 490 2026 (¹),
506 1944 540 2007 in
555 1944 659 2010 auimo
673 1943 820 2008 habuerit
833 1944 1018 2025 parisienses
1034 1945 1155 2008 uodioes
1169 1960 1343 2009 recensere.
1368 1943 1494 2006 llorbus
1518 1942 1589 2005 ohs-

311 2040 384 2119 titit,
401 2041 442 2105 ita
459 2048 493 2104 ut
508 2041 587 2106 nihil
602 2043 739 2124 potuerit
753 2042 813 2106 nisi
833 2043 960 2106 Heinsio
981 2044 1088 2120 fidere,
1109 2043 1163 2123 qui
1182 2045 1267 2106 solus
1285 2042 1388 2105 solum
1407 2041 1586 2117 Polaenum,

309 2154 367 2202 neo
391 2156 468 2217 non,
492 2147 526 2204 ut
550 2141 628 2204 milri
652 2141 788 2217 videtur,
816 2142 932 2204 orrnsim
951 2142 1087 2205 versavit
1100 2141 1151 2222 (2).
1178 2141 1248 2204 Post
1266 2139 1507 2204 Dressellianam
1527 2139 1590 2204 edi·

308 2237 440 2314 tionem,
466 2244 531 2302 tam
553 2238 744 2303 laudabilem
772 2245 921 2317 aeterum,
950 2240 1070 2304 lacuna·
1084 2239 1180 2319 igitur
1202 2244 1352 2320 superest,
1383 2253 1478 2317 quam
1502 2237 1587 2302 solus

310 2335 447 2416 explebit
474 2336 541 2415 qui,
571 2337 694 2401 lleinsii
721 2353 815 2419 opere
843 2338 1029 2418 recognito,¹
1047 2338 1244 2419 amplificato,
1279 2353 1336 2417 per
1367 2336 1587 2417 parisiensium

311 2433 455 2498 eodioum
470 2434 678 2513 nudationem,
695 2435 900 2500 Prudentium
915 2435 1045 2501 omnino
1067 2436 1246 2501 restitutum
1266 2435 1362 2499 dabit.
1384 2435 1585 2516 Quamrepn'·

306 2548 387 2609 rare,
404 2547 461 2613 pro
481 2533 566 2597 virili
591 2540 688 2614 parte,
716 2534 829 2598 rimam
851 2535 939 2600 nisus
961 2552 1042 2612 sum,
1064 2536 1238 2616 praeoipuos
1257 2533 1378 2597 codices
1399 2532 1584 2613 parisienses

308 2630 451 2710 legendo,
469 2632 594 2696 Purnnnr
607 2633 760 2713 imprimis
775 2637 877 2697 amulo
890 2651 956 2715 pue
969 2651 990 2698 o
1002 2634 1121 2698 Dressel
1132 2633 1259 2698 editione
1274 2630 1437 2698 ulamma
1453 2631 1530 2713 (olda
1544 2631 1584 2696 ad

305 2728 397 2808 trojus
411 2731 573 2796 uoluminis
585 2731 686 2812 finam)
702 2731 935 2797 demandanda.

741 2992 758 3074 5
772 2991 821 3058 lll.
838 3028 877 3038 —
891 2992 935 3056 De
948 2991 1137 3058 aditionibus.

342 3221 455 3286 Omnes
469 3221 621 3286 editiones
635 3238 674 3286 ex
688 3223 799 3288 ordine
813 3230 991 3306 temporum
1004 3224 1178 3304 recognitas
1192 3223 1275 3306 apud
1295 3223 1415 3288 [trassel
1433 3224 1573 3289 habebis.

300 3319 358 3383 iliu
372 3320 542 3401 praecipuas
557 3321 669 3385 refero.
699 3321 702 3328 '

346 3419 529 3483 «Prudentii
545 3425 644 3499 poetae
659 3437 776 3500 opera»
795 3421 893 3484 Aldus
907 3421 1045 3485 Venetii's
1059 3420 1167 3499 edidit,
1180 3419 1353 3486 seeundum
1364 3420 1576 3486 britannicum

300 3517 466 3594 quemdam
497 3517 635 3581 oodioem
670 3535 753 3582 anno
789 3520 877 3582 1501.
912 3521 998 3602 Quae,
1024 3520 1119 3584 editio
1159 3520 1318 3601 exemplar
1349 3521 1412 3585 luit
1440 3521 1574 3587 aliarum

299 3614 416 3692 (Galeri
434 3615 521 3692 tort,
539 3616 652 3696 partim
667 3616 805 3680 Coloniae
823 3617 923 3692 1701).

344 3714 489 3777 «Aurelii
505 3715 664 3778 Prudentii
681 3715 849 3778 Clementis
864 3717 925 3778 viri
945 3717 1117 3780 consularis
1136 3716 1280 3780 libellos»
1302 3718 1400 3782 edidit
1418 3718 1572 3782 Antonius

296 3812 504 3876 Nebrissensis
518 3814 688 3877 incivitate
702 3814 852 3878 Luornnii
869 3831 951 3879 anno
965 3815 1052 3879 lota.
1066 3815 1140 3889 Quas
1151 3815 1246 3879 editio
1258 3815 1391 3881 aliarum
1403 3817 1496 3898 (1611
1503 3817 1572 3881 sine

297 3909 377 3985 loon,
397 3911 473 3973 1603
488 3911 696 3992 Wittebergae)
712 3914 871 3993 exemplar
885 3914 953 3976 fuit.
1364 3971 1368 3978 .

344 4007 492 4071 «Aurelii
514 4010 673 4072 Prudentii
696 4011 863 4076 Clementis
886 4012 1207 4092 viri,oonsularis...»
1235 4030 1328 4095 opera
1350 4013 1455 4078 omnia
1475 4015 1571 4078 edidit

295 4107 429 4169 loannes
454 4107 609 4170 sicardus.
638 4108 766 4173 Basileae
795 4111 882 4187 1517,
911 4113 1086 4192 seeundum
1111 4111 1249 4175 diversos
1271 4113 1403 4189 oodioes,
1431 4129 1571 4193 quorum

295 4219 395 4268 unum
431 4204 724 4285 Argentoratanum.
768 4208 843 4282 Quas
884 4208 979 4271 editio
1015 4210 1174 4290 exemplar
1212 4210 1272 4275 init
1308 4211 1443 4276 aliarum
1476 4211 1570 4294 (1536

295 4302 486 4385 Antuerpiae,
505 4303 723 4382 nonnionem,
739 4306 966 4384 idltBasileae,
986 4306 1062 4370 tona
1074 4308 1229 4386 Lugduni,
1247 4309 1324 4374 loun
1336 4309 1487 4391 Basileae).

341 4401 490 4466 «Aurelii
502 4404 662 4469 Prudentii
675 4404 881 4469 Clementisr.
892 4424 919 4470 e.
934 4423 1027 4487 opera
1037 4423 1055 4470 a
1066 4405 1191 4472 Victore
1201 4407 1337 4472 disalirm
1356 4415 1531 4475 correcta...
1548 4433 1561 4468 ι

295 4500 382 4566 1562.
404 4501 478 4576 Qua
500 4501 595 4566 aditio
617 4503 777 4584 exemplar
793 4503 853 4567 luit
870 4504 1006 4569 aliarum
1024 4504 1149 4587 (Basilia
1170 4507 1258 4584 1561,
1288 4505 1469 4591 Antuerpiffl
1490 4509 1568 4573 1561

323 4733 353 4798 (¹)
371 4733 477 4798 Proleg.
488 4733 624 4794 editionis,
637 4749 665 4800 p.
677 4748 791 4794 xxxviii,
803 4733 896 4784 notula
906 4734 946 4787 28.

324 4811 355 4876 (¹)
371 4812 461 4865 Baehr
472 4812 551 4875 vidit,
562 4825 617 4865 non
627 4813 774 4877 recensuit,
785 4812 879 4864 laudat
889 4813 986 4865 merito
997 4813 1053 4881 (Dia
1064 4813 1244 4870 dammulae
1254 4814 1372 4881 menter,
1382 4835 1410 4884 p.
1423 4820 1473 4884 90).
1557 4876 1561 4888 1
