<?xml version="1.0" encoding="UTF-8"?>
<!DOCTYPE html PUBLIC "-//W3C//DTD XHTML 1.0 Transitional//EN"
    "http://www.w3.org/TR/xhtml1/DTD/xhtml1-transitional.dtd">
<html xmlns="http://www.w3.org/1999/xhtml" xml:lang="en" lang="en">
 <head>
  <title>
</title>
<meta http-equiv="Content-Type" content="text/html;charset=utf-8" />
  <meta name='ocr-system' content='tesseract 3.04.00' />
  <meta name='ocr-capabilities' content='ocr_page ocr_carea ocr_par ocr_line ocrx_word'/>
</head>
<body>
  <div class='ocr_page' id='page_1' title='image "./deaureliipruden00fagugoog_0034.png"; bbox 0 0 3592 5668; ppageno 0'>
   <div class='ocr_carea' id='block_1_1' title="bbox 736 527 895 589">
    <p class='ocr_par' dir='ltr' id='par_1_1' title="bbox 736 527 895 589">
     <span class='ocr_line' id='line_1_1' title="bbox 736 527 895 589; baseline -0.013 -15"><span class='ocrx_word' id='word_1_1' title='bbox 736 527 895 589; x_wconf 71' lang='grc' dir='ltr'>...Π-</span> 
     </span>
    </p>
   </div>
   <div class='ocr_carea' id='block_1_2' title="bbox 175 627 1493 1606">
    <p class='ocr_par' dir='ltr' id='par_1_2' title="bbox 175 627 1453 1001">
     <span class='ocr_line' id='line_1_2' title="bbox 176 627 1450 722; baseline 0.004 -20"><span class='ocrx_word' id='word_1_2' title='bbox 176 641 344 704; x_wconf 84' lang='lat' dir='ltr'><strong>Prudentio</strong></span> <span class='ocrx_word' id='word_1_3' title='bbox 368 640 498 704; x_wconf 82' lang='lat' dir='ltr'><strong>Romam</strong></span> <span class='ocrx_word' id='word_1_4' title='bbox 516 633 552 702; x_wconf 86' lang='lat' dir='ltr'><strong>¹id</strong></span> <span class='ocrx_word' id='word_1_5' title='bbox 572 641 632 703; x_wconf 89' lang='lat' dir='ltr'><strong>iter</strong></span> <span class='ocrx_word' id='word_1_6' title='bbox 647 640 734 719; x_wconf 77' lang='lat' dir='ltr'><strong>cuius</strong></span> <span class='ocrx_word' id='word_1_7' title='bbox 755 642 927 722; x_wconf 79' lang='lat' dir='ltr'><strong>praesertim</strong></span> <span class='ocrx_word' id='word_1_8' title='bbox 943 643 981 704; x_wconf 92' lang='lat' dir='ltr'><strong>de</strong></span> <span class='ocrx_word' id='word_1_9' title='bbox 996 642 1097 706; x_wconf 91' lang='lat' dir='ltr'><strong>reditu</strong></span> <span class='ocrx_word' id='word_1_10' title='bbox 1113 627 1284 706; x_wconf 67' lang='lat' dir='ltr'><strong>laetandum</strong></span> <span class='ocrx_word' id='word_1_11' title='bbox 1296 649 1385 707; x_wconf 91' lang='lat' dir='ltr'><strong>esset.</strong></span> <span class='ocrx_word' id='word_1_12' title='bbox 1407 645 1450 708; x_wconf 86' lang='lat' dir='ltr'><strong>Ex</strong></span> 
     </span>
     <span class='ocr_line' id='line_1_3' title="bbox 177 737 1453 821; baseline 0.003 -20"><span class='ocrx_word' id='word_1_13' title='bbox 177 740 226 802; x_wconf 89' lang='lat' dir='ltr'><strong>bis</strong></span> <span class='ocrx_word' id='word_1_14' title='bbox 242 739 387 802; x_wconf 89' lang='lat' dir='ltr'><strong>omnibus</strong></span> <span class='ocrx_word' id='word_1_15' title='bbox 399 737 553 817; x_wconf 80' lang='lat' dir='ltr'><strong>conjicere</strong></span> <span class='ocrx_word' id='word_1_16' title='bbox 568 739 641 802; x_wconf 87' lang='lat' dir='ltr'><strong>lieet</strong></span> <span class='ocrx_word' id='word_1_17' title='bbox 657 740 792 802; x_wconf 83' lang='lat' dir='ltr'><strong>honores</strong></span> <span class='ocrx_word' id='word_1_18' title='bbox 807 755 824 802; x_wconf 93' lang='lat' dir='ltr'><strong>a</strong></span> <span class='ocrx_word' id='word_1_19' title='bbox 841 739 1009 802; x_wconf 81' lang='lat' dir='ltr'><strong>Prudentia</strong></span> <span class='ocrx_word' id='word_1_20' title='bbox 1022 746 1186 821; x_wconf 86' lang='lat' dir='ltr'><strong>occupatos</strong></span> <span class='ocrx_word' id='word_1_21' title='bbox 1201 741 1307 804; x_wconf 89' lang='lat' dir='ltr'><strong>itineri</strong></span> <span class='ocrx_word' id='word_1_22' title='bbox 1323 743 1453 805; x_wconf 81' lang='lat' dir='ltr'><strong>Romam</strong></span> 
     </span>
     <span class='ocr_line' id='line_1_4' title="bbox 175 837 1452 917; baseline 0.001 -18"><span class='ocrx_word' id='word_1_23' title='bbox 175 837 255 900; x_wconf 85' lang='lat' dir='ltr'><strong>tacto</strong></span> <span class='ocrx_word' id='word_1_24' title='bbox 271 838 463 900; x_wconf 89' lang='lat' dir='ltr'><strong>successisse.</strong></span> <span class='ocrx_word' id='word_1_25' title='bbox 477 838 544 912; x_wconf 83' lang='lat' dir='ltr'><strong>Quo</strong></span> <span class='ocrx_word' id='word_1_26' title='bbox 560 843 665 900; x_wconf 90' lang='lat' dir='ltr'><strong>autem</strong></span> <span class='ocrx_word' id='word_1_27' title='bbox 681 842 820 917; x_wconf 89' lang='lat' dir='ltr'><strong>tempore</strong></span> <span class='ocrx_word' id='word_1_28' title='bbox 835 837 895 900; x_wconf 90' lang='lat' dir='ltr'><strong>iter</strong></span> <span class='ocrx_word' id='word_1_29' title='bbox 909 839 1039 900; x_wconf 82' lang='lat' dir='ltr'><strong>Romam</strong></span> <span class='ocrx_word' id='word_1_30' title='bbox 1050 839 1158 901; x_wconf 85' lang='lat' dir='ltr'><strong>lecerit</strong></span> <span class='ocrx_word' id='word_1_31' title='bbox 1172 839 1358 903; x_wconf 84' lang='lat' dir='ltr'><strong>Prudentius</strong></span> <span class='ocrx_word' id='word_1_32' title='bbox 1373 839 1452 903; x_wconf 89' lang='lat' dir='ltr'><strong>nibil</strong></span> 
     </span>
     <span class='ocr_line' id='line_1_5' title="bbox 175 937 510 1001; baseline 0 -2"><span class='ocrx_word' id='word_1_33' title='bbox 175 937 277 1000; x_wconf 89' lang='lat' dir='ltr'><strong>babeo</strong></span> <span class='ocrx_word' id='word_1_34' title='bbox 297 938 382 1001; x_wconf 92' lang='lat' dir='ltr'><strong>unde</strong></span> <span class='ocrx_word' id='word_1_35' title='bbox 401 937 510 1000; x_wconf 90' lang='lat' dir='ltr'><strong>sclam.</strong></span> 
     </span>
    </p>

    <p class='ocr_par' dir='ltr' id='par_1_3' title="bbox 175 1033 1493 1606">
     <span class='ocr_line' id='line_1_6' title="bbox 216 1033 1484 1117; baseline 0.003 -20"><span class='ocrx_word' id='word_1_36' title='bbox 216 1035 290 1108; x_wconf 84' lang='lat' dir='ltr'><strong>Quis</strong></span> <span class='ocrx_word' id='word_1_37' title='bbox 304 1051 380 1097; x_wconf 89' lang='lat' dir='ltr'><strong>vero</strong></span> <span class='ocrx_word' id='word_1_38' title='bbox 403 1041 433 1098; x_wconf 91' lang='lat' dir='ltr'><strong>et</strong></span> <span class='ocrx_word' id='word_1_39' title='bbox 452 1033 554 1113; x_wconf 85' lang='lat' dir='ltr'><strong>qualis</strong></span> <span class='ocrx_word' id='word_1_40' title='bbox 577 1034 672 1098; x_wconf 91' lang='lat' dir='ltr'><strong>luerit</strong></span> <span class='ocrx_word' id='word_1_41' title='bbox 690 1035 800 1108; x_wconf 91' lang='lat' dir='ltr'><strong>bonos,</strong></span> <span class='ocrx_word' id='word_1_42' title='bbox 819 1036 974 1099; x_wconf 93' lang='lat' dir='ltr'><strong>nonnullo</strong></span> <span class='ocrx_word' id='word_1_43' title='bbox 996 1037 1075 1099; x_wconf 89' lang='lat' dir='ltr'><strong>lastu</strong></span> <span class='ocrx_word' id='word_1_44' title='bbox 1089 1037 1260 1099; x_wconf 83' lang='lat' dir='ltr'><strong>uerborum</strong></span> <span class='ocrx_word' id='word_1_45' title='bbox 1279 1054 1450 1117; x_wconf 87' lang='lat' dir='ltr'><strong>expressus,</strong></span> <span class='ocrx_word' id='word_1_46' title='bbox 1481 1035 1484 1040; x_wconf 82' lang='grc'>’</span> 
     </span>
     <span class='ocr_line' id='line_1_7' title="bbox 176 1132 1453 1214; baseline 0 -18"><span class='ocrx_word' id='word_1_47' title='bbox 176 1149 319 1210; x_wconf 70' lang='lat' dir='ltr'><strong>quaerere</strong></span> <span class='ocrx_word' id='word_1_48' title='bbox 347 1132 472 1196; x_wconf 91' lang='lat' dir='ltr'><strong>inanius</strong></span> <span class='ocrx_word' id='word_1_49' title='bbox 499 1133 627 1195; x_wconf 81' lang='lat' dir='ltr'><strong>tortasse</strong></span> <span class='ocrx_word' id='word_1_50' title='bbox 652 1133 823 1196; x_wconf 82' lang='lat' dir='ltr'><strong>arbitreris.</strong></span> <span class='ocrx_word' id='word_1_51' title='bbox 848 1135 924 1195; x_wconf 83' lang='lat' dir='ltr'><strong>llem</strong></span> <span class='ocrx_word' id='word_1_52' title='bbox 950 1141 1065 1209; x_wconf 88' lang='lat' dir='ltr'><strong>tamen,</strong></span> <span class='ocrx_word' id='word_1_53' title='bbox 1085 1134 1111 1197; x_wconf 94' lang='lat' dir='ltr'><strong>si</strong></span> <span class='ocrx_word' id='word_1_54' title='bbox 1137 1135 1204 1196; x_wconf 88' lang='lat' dir='ltr'><strong>lieri</strong></span> <span class='ocrx_word' id='word_1_55' title='bbox 1228 1141 1338 1214; x_wconf 87' lang='lat' dir='ltr'><strong>potest,</strong></span> <span class='ocrx_word' id='word_1_56' title='bbox 1360 1134 1453 1214; x_wconf 93' lang='lat' dir='ltr'><strong>dispi-</strong></span> 
     </span>
     <span class='ocr_line' id='line_1_8' title="bbox 177 1229 1453 1320; baseline 0.002 -27"><span class='ocrx_word' id='word_1_57' title='bbox 177 1230 305 1296; x_wconf 85' lang='lat' dir='ltr'><strong>ciamus.</strong></span> <span class='ocrx_word' id='word_1_58' title='bbox 322 1229 391 1294; x_wconf 92' lang='lat' dir='ltr'><strong>Non</strong></span> <span class='ocrx_word' id='word_1_59' title='bbox 407 1231 543 1320; x_wconf 72' lang='lat' dir='ltr'><strong>libenter</strong></span> <span class='ocrx_word' id='word_1_60' title='bbox 557 1231 682 1295; x_wconf 87' lang='lat' dir='ltr'><strong>credam</strong></span> <span class='ocrx_word' id='word_1_61' title='bbox 697 1237 862 1310; x_wconf 76' lang='lat' dir='ltr'><strong>praetorem</strong></span> <span class='ocrx_word' id='word_1_62' title='bbox 874 1232 968 1295; x_wconf 86' lang='lat' dir='ltr'><strong>luisse</strong></span> <span class='ocrx_word' id='word_1_63' title='bbox 983 1233 1198 1307; x_wconf 90' lang='lat' dir='ltr'><strong>Prudentium,</strong></span> <span class='ocrx_word' id='word_1_64' title='bbox 1215 1239 1269 1295; x_wconf 90' lang='lat' dir='ltr'><strong>aut</strong></span> <span class='ocrx_word' id='word_1_65' title='bbox 1283 1231 1453 1311; x_wconf 84' lang='lat' dir='ltr'><strong>provinciae</strong></span> 
     </span>
     <span class='ocr_line' id='line_1_9' title="bbox 176 1328 1455 1410; baseline 0.002 -20"><span class='ocrx_word' id='word_1_66' title='bbox 176 1334 422 1408; x_wconf 87' lang='lat' dir='ltr'><strong>procuratorem,</strong></span> <span class='ocrx_word' id='word_1_67' title='bbox 436 1328 474 1392; x_wconf 90' lang='lat' dir='ltr'><strong>ad</strong></span> <span class='ocrx_word' id='word_1_68' title='bbox 490 1345 626 1406; x_wconf 83' lang='lat' dir='ltr'><strong>quorum</strong></span> <span class='ocrx_word' id='word_1_69' title='bbox 642 1329 743 1392; x_wconf 88' lang='lat' dir='ltr'><strong>ollicia</strong></span> <span class='ocrx_word' id='word_1_70' title='bbox 758 1330 892 1409; x_wconf 87' lang='lat' dir='ltr'><strong>pertinet</strong></span> <span class='ocrx_word' id='word_1_71' title='bbox 910 1354 922 1386; x_wconf 74' lang='lat' dir='ltr'><strong>e</strong></span> <span class='ocrx_word' id='word_1_72' title='bbox 930 1332 987 1410; x_wconf 82' lang='lat' dir='ltr'><strong>jes</strong></span> <span class='ocrx_word' id='word_1_73' title='bbox 1001 1331 1087 1394; x_wconf 82' lang='lat' dir='ltr'><strong>civite</strong></span> <span class='ocrx_word' id='word_1_74' title='bbox 1102 1329 1187 1394; x_wconf 79' lang='lat' dir='ltr'><strong>beuta</strong></span> <span class='ocrx_word' id='word_1_75' title='bbox 1203 1330 1455 1404; x_wconf 65' lang='lat' dir='ltr'><strong>moderatorem</strong></span> 
     </span>
     <span class='ocr_line' id='line_1_10' title="bbox 175 1421 1493 1509; baseline 0.003 -22"><span class='ocrx_word' id='word_1_76' title='bbox 175 1443 280 1488; x_wconf 83' lang='lat' dir='ltr'><strong>rece.»</strong></span> <span class='ocrx_word' id='word_1_77' title='bbox 302 1425 431 1507; x_wconf 84' lang='lat' dir='ltr'><strong>Semper</strong></span> <span class='ocrx_word' id='word_1_78' title='bbox 445 1426 529 1489; x_wconf 89' lang='lat' dir='ltr'><strong>enim</strong></span> <span class='ocrx_word' id='word_1_79' title='bbox 543 1426 670 1490; x_wconf 83' lang='lat' dir='ltr'><strong>videtur</strong></span> <span class='ocrx_word' id='word_1_80' title='bbox 689 1426 893 1491; x_wconf 90' lang='lat' dir='ltr'><strong>Prudentium</strong></span> <span class='ocrx_word' id='word_1_81' title='bbox 913 1433 1095 1509; x_wconf 89' lang='lat' dir='ltr'><strong>paupertate</strong></span> <span class='ocrx_word' id='word_1_82' title='bbox 1113 1427 1312 1491; x_wconf 88' lang='lat' dir='ltr'><strong>laboravisse.</strong></span> <span class='ocrx_word' id='word_1_83' title='bbox 1329 1428 1455 1491; x_wconf 78' lang='lat' dir='ltr'><strong>Fatetur</strong></span> <span class='ocrx_word' id='word_1_84' title='bbox 1489 1421 1493 1428; x_wconf 80' lang='grc'><strong>’</strong></span> 
     </span>
     <span class='ocr_line' id='line_1_11' title="bbox 177 1519 660 1606; baseline 0.002 -20"><span class='ocrx_word' id='word_1_85' title='bbox 177 1519 264 1586; x_wconf 82' lang='lat' dir='ltr'><strong>enim</strong></span> <span class='ocrx_word' id='word_1_86' title='bbox 278 1529 383 1586; x_wconf 89' lang='lat' dir='ltr'><strong>noster</strong></span> <span class='ocrx_word' id='word_1_87' title='bbox 396 1523 571 1606; x_wconf 77' lang='lat' dir='ltr'><strong>(Epilogus,</strong></span> <span class='ocrx_word' id='word_1_88' title='bbox 590 1525 608 1586; x_wconf 84' lang='lat'><strong>7</strong></span> <span class='ocrx_word' id='word_1_89' title='bbox 622 1527 633 1600; x_wconf 91' lang='lat'>)</span> <span class='ocrx_word' id='word_1_90' title='bbox 653 1545 660 1587; x_wconf 91' lang='lat'><strong>:</strong></span> 
     </span>
    </p>
   </div>
   <div class='ocr_carea' id='block_1_3' title="bbox 478 1696 1073 2044">
    <p class='ocr_par' dir='ltr' id='par_1_4' title="bbox 567 1696 866 1753">
     <span class='ocr_line' id='line_1_12' title="bbox 567 1696 866 1753; baseline 0.017 -5"><span class='ocrx_word' id='word_1_91' title='bbox 567 1697 624 1750; x_wconf 90' lang='lat' dir='ltr'><strong>Nos</strong></span> <span class='ocrx_word' id='word_1_92' title='bbox 638 1696 712 1750; x_wconf 84' lang='lat' dir='ltr'><strong>citos</strong></span> <span class='ocrx_word' id='word_1_93' title='bbox 727 1697 866 1753; x_wconf 78' lang='lat' dir='ltr'><strong>iambicos</strong></span> 
     </span>
    </p>

    <p class='ocr_par' dir='ltr' id='par_1_5' title="bbox 478 1786 991 1944">
     <span class='ocr_line' id='line_1_13' title="bbox 478 1786 991 1857; baseline 0.004 -19"><span class='ocrx_word' id='word_1_94' title='bbox 478 1786 634 1841; x_wconf 78' lang='lat' dir='ltr'><strong>sacramus</strong></span> <span class='ocrx_word' id='word_1_95' title='bbox 648 1790 679 1838; x_wconf 89' lang='lat' dir='ltr'><strong>et</strong></span> <span class='ocrx_word' id='word_1_96' title='bbox 691 1787 823 1840; x_wconf 82' lang='lat' dir='ltr'><strong>rotatiles</strong></span> <span class='ocrx_word' id='word_1_97' title='bbox 836 1787 991 1857; x_wconf 79' lang='lat' dir='ltr'><strong>trmuaeos,</strong></span> 
     </span>
     <span class='ocr_line' id='line_1_14' title="bbox 569 1876 862 1944; baseline 0.003 -17"><span class='ocrx_word' id='word_1_98' title='bbox 569 1876 743 1929; x_wconf 80' lang='lat' dir='ltr'><strong>sanctitatis</strong></span> <span class='ocrx_word' id='word_1_99' title='bbox 757 1876 862 1944; x_wconf 80' lang='lat' dir='ltr'><strong>indigi,</strong></span> 
     </span>
    </p>

    <p class='ocr_par' dir='ltr' id='par_1_6' title="bbox 480 1963 1073 2044">
     <span class='ocr_line' id='line_1_15' title="bbox 480 1963 1073 2044; baseline 0.005 -29"><span class='ocrx_word' id='word_1_100' title='bbox 480 1965 537 2018; x_wconf 86' lang='lat' dir='ltr'><strong>Nec</strong></span> <span class='ocrx_word' id='word_1_101' title='bbox 550 1963 587 2016; x_wconf 88' lang='lat' dir='ltr'><strong>ad</strong></span> <span class='ocrx_word' id='word_1_102' title='bbox 602 1965 737 2018; x_wconf 88' lang='lat' dir='ltr'><strong>levamen</strong></span> <span class='ocrx_word' id='word_1_103' title='bbox 751 1977 914 2030; x_wconf 86' lang='lat' dir='ltr'><strong>pauperum</strong></span> <span class='ocrx_word' id='word_1_104' title='bbox 928 1970 1073 2044; x_wconf 86' lang='lat' dir='ltr'><strong>potentes.</strong></span> 
     </span>
    </p>
   </div>
   <div class='ocr_carea' id='block_1_4' title="bbox 174 2141 1455 3313">
    <p class='ocr_par' dir='ltr' id='par_1_7' title="bbox 174 2141 1455 3018">
     <span class='ocr_line' id='line_1_16' title="bbox 218 2141 1454 2246; baseline 0.001 -27"><span class='ocrx_word' id='word_1_105' title='bbox 218 2157 292 2231; x_wconf 86' lang='lat' dir='ltr'><strong>Quae</strong></span> <span class='ocrx_word' id='word_1_106' title='bbox 307 2164 484 2236; x_wconf 86' lang='lat' dir='ltr'><strong>paupertas,</strong></span> <span class='ocrx_word' id='word_1_107' title='bbox 497 2164 561 2220; x_wconf 90' lang='lat' dir='ltr'><strong>tam</strong></span> <span class='ocrx_word' id='word_1_108' title='bbox 579 2157 715 2236; x_wconf 86' lang='lat' dir='ltr'><strong>ingenue</strong></span> <span class='ocrx_word' id='word_1_109' title='bbox 726 2157 904 2238; x_wconf 73' lang='lat' dir='ltr'><strong>praedicata,</strong></span> <span class='ocrx_word' id='word_1_110' title='bbox 919 2141 1030 2246; x_wconf 75' lang='lat' dir='ltr'><strong>parum</strong></span> <span class='ocrx_word' id='word_1_111' title='bbox 1042 2175 1113 2222; x_wconf 88' lang='lat' dir='ltr'><strong>cum</strong></span> <span class='ocrx_word' id='word_1_112' title='bbox 1125 2157 1246 2221; x_wconf 86' lang='lat' dir='ltr'><strong>excelso</strong></span> <span class='ocrx_word' id='word_1_113' title='bbox 1258 2157 1454 2238; x_wconf 73' lang='lat' dir='ltr'><strong>magistratus</strong></span> 
     </span>
     <span class='ocr_line' id='line_1_17' title="bbox 174 2255 1455 2334; baseline 0.002 -18"><span class='ocrx_word' id='word_1_114' title='bbox 174 2256 274 2333; x_wconf 86' lang='lat' dir='ltr'><strong>gradu</strong></span> <span class='ocrx_word' id='word_1_115' title='bbox 300 2271 476 2333; x_wconf 79' lang='lat' dir='ltr'><strong>congruere</strong></span> <span class='ocrx_word' id='word_1_116' title='bbox 501 2255 644 2332; x_wconf 85' lang='lat' dir='ltr'><strong>videtur3</strong></span> <span class='ocrx_word' id='word_1_117' title='bbox 667 2255 737 2318; x_wconf 88' lang='lat' dir='ltr'><strong>leve</strong></span> <span class='ocrx_word' id='word_1_118' title='bbox 759 2255 887 2332; x_wconf 89' lang='lat' dir='ltr'><strong>quidem</strong></span> <span class='ocrx_word' id='word_1_119' title='bbox 913 2262 1228 2334; x_wconf 81' lang='lat' dir='ltr'><strong>argumentumque</strong></span> <span class='ocrx_word' id='word_1_120' title='bbox 1253 2257 1455 2319; x_wconf 84' lang='lat' dir='ltr'><strong>confirmatur</strong></span> 
     </span>
     <span class='ocr_line' id='line_1_18' title="bbox 176 2351 1452 2430; baseline 0.002 -16"><span class='ocrx_word' id='word_1_121' title='bbox 176 2359 282 2415; x_wconf 90' lang='lat' dir='ltr'><strong>tamen</strong></span> <span class='ocrx_word' id='word_1_122' title='bbox 297 2352 506 2415; x_wconf 90' lang='lat' dir='ltr'><strong>Prudentium</strong></span> <span class='ocrx_word' id='word_1_123' title='bbox 521 2352 554 2414; x_wconf 94' lang='lat' dir='ltr'><strong>in</strong></span> <span class='ocrx_word' id='word_1_124' title='bbox 570 2352 711 2415; x_wconf 92' lang='lat' dir='ltr'><strong>obscuris</strong></span> <span class='ocrx_word' id='word_1_125' title='bbox 726 2351 857 2430; x_wconf 74' lang='lat' dir='ltr'><strong>alicuius</strong></span> <span class='ocrx_word' id='word_1_126' title='bbox 872 2353 1004 2416; x_wconf 84' lang='lat' dir='ltr'><strong>civitatis</strong></span> <span class='ocrx_word' id='word_1_127' title='bbox 1016 2353 1189 2416; x_wconf 90' lang='lat' dir='ltr'><strong>bonoribus</strong></span> <span class='ocrx_word' id='word_1_128' title='bbox 1204 2359 1361 2417; x_wconf 85' lang='lat' dir='ltr'><strong>versatum</strong></span> <span class='ocrx_word' id='word_1_129' title='bbox 1375 2371 1452 2416; x_wconf 90' lang='lat' dir='ltr'><strong>esse.</strong></span> 
     </span>
     <span class='ocr_line' id='line_1_19' title="bbox 177 2450 1451 2531; baseline 0.001 -20"><span class='ocrx_word' id='word_1_130' title='bbox 177 2450 282 2512; x_wconf 91' lang='lat' dir='ltr'><strong>Potius</strong></span> <span class='ocrx_word' id='word_1_131' title='bbox 305 2450 481 2514; x_wconf 83' lang='lat' dir='ltr'><strong>existimem</strong></span> <span class='ocrx_word' id='word_1_132' title='bbox 506 2457 660 2525; x_wconf 90' lang='lat' dir='ltr'><strong>nostrum,</strong></span> <span class='ocrx_word' id='word_1_133' title='bbox 688 2450 743 2528; x_wconf 88' lang='lat' dir='ltr'><strong>qui</strong></span> <span class='ocrx_word' id='word_1_134' title='bbox 770 2451 950 2514; x_wconf 85' lang='lat' dir='ltr'><strong>adolescens</strong></span> <span class='ocrx_word' id='word_1_135' title='bbox 975 2451 1122 2514; x_wconf 88' lang='lat' dir='ltr'><strong>causidici</strong></span> <span class='ocrx_word' id='word_1_136' title='bbox 1148 2468 1311 2531; x_wconf 90' lang='lat' dir='ltr'><strong>personam</strong></span> <span class='ocrx_word' id='word_1_137' title='bbox 1337 2458 1451 2530; x_wconf 85' lang='lat' dir='ltr'><strong>egerat,</strong></span> 
     </span>
     <span class='ocr_line' id='line_1_20' title="bbox 176 2548 1453 2629; baseline 0 -19"><span class='ocrx_word' id='word_1_138' title='bbox 176 2548 304 2611; x_wconf 94' lang='lat' dir='ltr'><strong>urbium</strong></span> <span class='ocrx_word' id='word_1_139' title='bbox 319 2548 499 2628; x_wconf 81' lang='lat' dir='ltr'><strong>defensorem</strong></span> <span class='ocrx_word' id='word_1_140' title='bbox 519 2548 738 2626; x_wconf 69' lang='lat' dir='ltr'><strong>luisse-quam</strong></span> <span class='ocrx_word' id='word_1_141' title='bbox 759 2549 930 2628; x_wconf 79' lang='lat' dir='ltr'><strong>provincia</strong></span> <span class='ocrx_word' id='word_1_142' title='bbox 951 2550 1114 2628; x_wconf 69' lang='lat' dir='ltr'><strong>presidem</strong></span> <span class='ocrx_word' id='word_1_143' title='bbox 1130 2550 1180 2629; x_wconf 66' lang='grc' dir='ltr'><strong>(ί).</strong></span> <span class='ocrx_word' id='word_1_144' title='bbox 1198 2549 1223 2609; x_wconf 84' lang='grc' dir='ltr'><strong>Α</strong></span> <span class='ocrx_word' id='word_1_145' title='bbox 1242 2549 1453 2628; x_wconf 90' lang='lat' dir='ltr'><strong>municipibus</strong></span> 
     </span>
     <span class='ocr_line' id='line_1_21' title="bbox 177 2645 1454 2726; baseline 0.001 -19"><span class='ocrx_word' id='word_1_146' title='bbox 177 2651 281 2709; x_wconf 91' lang='lat' dir='ltr'><strong>autem</strong></span> <span class='ocrx_word' id='word_1_147' title='bbox 292 2645 325 2707; x_wconf 94' lang='lat' dir='ltr'><strong>in</strong></span> <span class='ocrx_word' id='word_1_148' title='bbox 337 2645 592 2723; x_wconf 88' lang='lat' dir='ltr'><strong>quinquennium</strong></span> <span class='ocrx_word' id='word_1_149' title='bbox 603 2647 739 2725; x_wconf 71' lang='lat' dir='ltr'><strong>desererer</strong></span> <span class='ocrx_word' id='word_1_150' title='bbox 750 2647 885 2710; x_wconf 80' lang='lat' dir='ltr'><strong>civitatis</strong></span> <span class='ocrx_word' id='word_1_151' title='bbox 894 2646 1082 2726; x_wconf 83' lang='lat' dir='ltr'><strong>eligebatur3</strong></span> <span class='ocrx_word' id='word_1_152' title='bbox 1094 2653 1243 2725; x_wconf 88' lang='lat' dir='ltr'><strong>praeterea</strong></span> <span class='ocrx_word' id='word_1_153' title='bbox 1255 2654 1454 2709; x_wconf 87' lang='lat' dir='ltr'><strong>necesseerat</strong></span> 
     </span>
     <span class='ocr_line' id='line_1_22' title="bbox 177 2743 1454 2824; baseline 0.002 -20"><span class='ocrx_word' id='word_1_154' title='bbox 177 2750 212 2804; x_wconf 91' lang='lat' dir='ltr'><strong>ut</strong></span> <span class='ocrx_word' id='word_1_155' title='bbox 231 2743 399 2805; x_wconf 84' lang='lat' dir='ltr'><strong>defensoris</strong></span> <span class='ocrx_word' id='word_1_156' title='bbox 418 2743 604 2806; x_wconf 86' lang='lat' dir='ltr'><strong>electionem</strong></span> <span class='ocrx_word' id='word_1_157' title='bbox 625 2750 726 2806; x_wconf 88' lang='lat' dir='ltr'><strong>ratam</strong></span> <span class='ocrx_word' id='word_1_158' title='bbox 747 2744 876 2806; x_wconf 89' lang='lat' dir='ltr'><strong>haberet</strong></span> <span class='ocrx_word' id='word_1_159' title='bbox 891 2743 1027 2824; x_wconf 87' lang='lat' dir='ltr'><strong>praetorii</strong></span> <span class='ocrx_word' id='word_1_160' title='bbox 1044 2745 1217 2823; x_wconf 75' lang='lat' dir='ltr'><strong>praelectus,</strong></span> <span class='ocrx_word' id='word_1_161' title='bbox 1237 2761 1307 2822; x_wconf 77' lang='lat' dir='ltr'><strong>qum</strong></span> <span class='ocrx_word' id='word_1_162' title='bbox 1327 2745 1454 2807; x_wconf 85' lang='lat' dir='ltr'><strong>fortasse</strong></span> 
     </span>
     <span class='ocr_line' id='line_1_23' title="bbox 176 2841 1454 2922; baseline -0.001 -18"><span class='ocrx_word' id='word_1_163' title='bbox 176 2858 268 2904; x_wconf 90' lang='lat' dir='ltr'><strong>causa</strong></span> <span class='ocrx_word' id='word_1_164' title='bbox 280 2842 339 2904; x_wconf 85' lang='lat' dir='ltr'><strong>tuit</strong></span> <span class='ocrx_word' id='word_1_165' title='bbox 354 2859 409 2904; x_wconf 90' lang='lat' dir='ltr'><strong>cur</strong></span> <span class='ocrx_word' id='word_1_166' title='bbox 422 2843 551 2904; x_wconf 84' lang='lat' dir='ltr'><strong>llomam</strong></span> <span class='ocrx_word' id='word_1_167' title='bbox 563 2843 613 2904; x_wconf 91' lang='lat' dir='ltr'><strong>vel</strong></span> <span class='ocrx_word' id='word_1_168' title='bbox 624 2842 788 2904; x_wconf 88' lang='lat' dir='ltr'><strong>arcessitus</strong></span> <span class='ocrx_word' id='word_1_169' title='bbox 802 2842 897 2904; x_wconf 85' lang='lat' dir='ltr'><strong>luerit</strong></span> <span class='ocrx_word' id='word_1_170' title='bbox 910 2841 1107 2916; x_wconf 80' lang='lat' dir='ltr'><strong>Prudentiae,</strong></span> <span class='ocrx_word' id='word_1_171' title='bbox 1120 2843 1171 2904; x_wconf 83' lang='lat' dir='ltr'><strong>vel</strong></span> <span class='ocrx_word' id='word_1_172' title='bbox 1182 2848 1302 2922; x_wconf 90' lang='lat' dir='ltr'><strong>sponte,</strong></span> <span class='ocrx_word' id='word_1_173' title='bbox 1314 2841 1454 2905; x_wconf 90' lang='lat' dir='ltr'><strong>muneris</strong></span> 
     </span>
     <span class='ocr_line' id='line_1_24' title="bbox 176 2939 1331 3018; baseline 0.001 -17"><span class='ocrx_word' id='word_1_174' title='bbox 176 2939 382 3002; x_wconf 86' lang='lat' dir='ltr'><strong>confirmandi</strong></span> <span class='ocrx_word' id='word_1_175' title='bbox 397 2939 506 3018; x_wconf 84' lang='lat' dir='ltr'><strong>gratia,</strong></span> <span class='ocrx_word' id='word_1_176' title='bbox 524 2939 646 3004; x_wconf 90' lang='lat' dir='ltr'><strong>adierit.</strong></span> <span class='ocrx_word' id='word_1_177' title='bbox 666 2939 740 3014; x_wconf 77' lang='lat' dir='ltr'><strong>Qua</strong></span> <span class='ocrx_word' id='word_1_178' title='bbox 754 2946 859 3004; x_wconf 90' lang='lat' dir='ltr'><strong>tamen</strong></span> <span class='ocrx_word' id='word_1_179' title='bbox 875 2940 965 3006; x_wconf 89' lang='lat' dir='ltr'><strong>nobis</strong></span> <span class='ocrx_word' id='word_1_180' title='bbox 980 2941 1082 3002; x_wconf 88' lang='lat' dir='ltr'><strong>adbuc</strong></span> <span class='ocrx_word' id='word_1_181' title='bbox 1098 2941 1331 3004; x_wconf 76' lang='lat' dir='ltr'><strong>tenebraesunt.</strong></span> 
     </span>
    </p>

    <p class='ocr_par' dir='ltr' id='par_1_8' title="bbox 175 3036 1454 3313">
     <span class='ocr_line' id='line_1_25' title="bbox 216 3036 1454 3117; baseline -0.002 -16"><span class='ocrx_word' id='word_1_182' title='bbox 216 3039 334 3101; x_wconf 84' lang='lat' dir='ltr'><strong>Novam</strong></span> <span class='ocrx_word' id='word_1_183' title='bbox 350 3054 420 3100; x_wconf 91' lang='lat' dir='ltr'><strong>ecce</strong></span> <span class='ocrx_word' id='word_1_184' title='bbox 436 3036 559 3100; x_wconf 91' lang='lat' dir='ltr'><strong>adimus</strong></span> <span class='ocrx_word' id='word_1_185' title='bbox 574 3037 751 3116; x_wconf 85' lang='lat' dir='ltr'><strong>caliginem.</strong></span> <span class='ocrx_word' id='word_1_186' title='bbox 766 3039 851 3100; x_wconf 88' lang='lat' dir='ltr'><strong>Patet</strong></span> <span class='ocrx_word' id='word_1_187' title='bbox 866 3056 903 3101; x_wconf 82' lang='lat' dir='ltr'><strong>ex</strong></span> <span class='ocrx_word' id='word_1_188' title='bbox 914 3038 1074 3100; x_wconf 89' lang='lat' dir='ltr'><strong>Prudentii</strong></span> <span class='ocrx_word' id='word_1_189' title='bbox 1091 3038 1186 3117; x_wconf 90' lang='lat' dir='ltr'><strong>ipsius</strong></span> <span class='ocrx_word' id='word_1_190' title='bbox 1202 3037 1301 3112; x_wconf 89' lang='lat' dir='ltr'><strong>dictis,</strong></span> <span class='ocrx_word' id='word_1_191' title='bbox 1315 3039 1352 3100; x_wconf 93' lang='lat' dir='ltr'><strong>ad</strong></span> <span class='ocrx_word' id='word_1_192' title='bbox 1369 3038 1454 3100; x_wconf 79' lang='lat' dir='ltr'><strong>altio</strong></span> 
     </span>
     <span class='ocr_line' id='line_1_26' title="bbox 176 3135 1452 3216; baseline -0.006 -10"><span class='ocrx_word' id='word_1_193' title='bbox 176 3137 410 3198; x_wconf 76' lang='lat' dir='ltr'><strong>remh01101&#39;0111</strong></span> <span class='ocrx_word' id='word_1_194' title='bbox 426 3135 622 3214; x_wconf 70' lang='lat' dir='ltr'><strong>processisse,</strong></span> <span class='ocrx_word' id='word_1_195' title='bbox 639 3135 729 3206; x_wconf 82' lang='lat' dir='ltr'><strong>titulo</strong></span> <span class='ocrx_word' id='word_1_196' title='bbox 744 3136 854 3204; x_wconf 83' lang='lat' dir='ltr'><strong>saltem</strong></span> <span class='ocrx_word' id='word_1_197' title='bbox 864 3135 1083 3216; x_wconf 73' lang='lat' dir='ltr'><strong>‚praestantiore</strong></span> <span class='ocrx_word' id='word_1_198' title='bbox 1099 3136 1192 3200; x_wconf 90' lang='lat' dir='ltr'><strong>luisse</strong></span> <span class='ocrx_word' id='word_1_199' title='bbox 1207 3141 1363 3198; x_wconf 90' lang='lat' dir='ltr'><strong>ornatum.</strong></span> <span class='ocrx_word' id='word_1_200' title='bbox 1382 3136 1452 3198; x_wconf 78' lang='lat' dir='ltr'><strong>llaec</strong></span> 
     </span>
     <span class='ocr_line' id='line_1_27' title="bbox 175 3232 1028 3313; baseline 0.001 -18"><span class='ocrx_word' id='word_1_201' title='bbox 175 3233 216 3295; x_wconf 91' lang='lat' dir='ltr'><strong>de</strong></span> <span class='ocrx_word' id='word_1_202' title='bbox 232 3234 379 3296; x_wconf 82' lang='lat' dir='ltr'><strong>bossunt</strong></span> <span class='ocrx_word' id='word_1_203' title='bbox 394 3232 569 3310; x_wconf 85' lang='lat' dir='ltr'><strong>ejusverba</strong></span> <span class='ocrx_word' id='word_1_204' title='bbox 585 3233 687 3312; x_wconf 74' lang='lat' dir='ltr'><strong>(mar.</strong></span> <span class='ocrx_word' id='word_1_205' title='bbox 705 3233 807 3308; x_wconf 74' lang='lat' dir='ltr'><strong>univ,</strong></span> <span class='ocrx_word' id='word_1_206' title='bbox 823 3233 871 3308; x_wconf 82' lang='lat' dir='ltr'><strong>le,</strong></span> <span class='ocrx_word' id='word_1_207' title='bbox 887 3233 938 3307; x_wconf 76' lang='lat'><strong>20,</strong></span> <span class='ocrx_word' id='word_1_208' title='bbox 954 3233 1028 3313; x_wconf 70' lang='lat' dir='ltr'><strong>tlt:</strong></span> 
     </span>
    </p>
   </div>
   <div class='ocr_carea' id='block_1_5' title="bbox 388 3405 1215 3653">
    <p class='ocr_par' dir='ltr' id='par_1_9' title="bbox 388 3405 1215 3653">
     <span class='ocr_line' id='line_1_28' title="bbox 478 3405 843 3470; baseline 0.003 -9"><span class='ocrx_word' id='word_1_209' title='bbox 478 3406 608 3461; x_wconf 78' lang='lat' dir='ltr'><strong>Tandem</strong></span> <span class='ocrx_word' id='word_1_210' title='bbox 619 3405 736 3463; x_wconf 78' lang='lat' dir='ltr'><strong>militia</strong></span> <span class='ocrx_word' id='word_1_211' title='bbox 748 3407 843 3470; x_wconf 82' lang='lat' dir='ltr'><strong>gradu</strong></span> 
     </span>
     <span class='ocr_line' id='line_1_29' title="bbox 389 3493 917 3559; baseline 0.002 -13"><span class='ocrx_word' id='word_1_212' title='bbox 389 3493 532 3546; x_wconf 87' lang='lat' dir='ltr'><strong>Evectum</strong></span> <span class='ocrx_word' id='word_1_213' title='bbox 544 3494 639 3559; x_wconf 87' lang='lat' dir='ltr'><strong>pietas</strong></span> <span class='ocrx_word' id='word_1_214' title='bbox 652 3495 795 3559; x_wconf 87' lang='lat' dir='ltr'><strong>principis</strong></span> <span class='ocrx_word' id='word_1_215' title='bbox 807 3496 917 3548; x_wconf 86' lang='lat' dir='ltr'><strong>extulit</strong></span> 
     </span>
     <span class='ocr_line' id='line_1_30' title="bbox 388 3581 1215 3653; baseline 0 -18"><span class='ocrx_word' id='word_1_216' title='bbox 388 3584 589 3648; x_wconf 81' lang='lat' dir='ltr'><strong>adsumptum</strong></span> <span class='ocrx_word' id='word_1_217' title='bbox 602 3584 723 3649; x_wconf 89' lang='lat' dir='ltr'><strong>propius</strong></span> <span class='ocrx_word' id='word_1_218' title='bbox 736 3587 813 3638; x_wconf 87' lang='lat' dir='ltr'><strong>stare</strong></span> <span class='ocrx_word' id='word_1_219' title='bbox 825 3585 935 3648; x_wconf 87' lang='lat' dir='ltr'><strong>jubens</strong></span> <span class='ocrx_word' id='word_1_220' title='bbox 948 3581 1053 3637; x_wconf 83' lang='lat' dir='ltr'><strong>ordine</strong></span> <span class='ocrx_word' id='word_1_221' title='bbox 1065 3581 1215 3653; x_wconf 77' lang='lat' dir='ltr'><strong>proximo.</strong></span> 
     </span>
    </p>
   </div>
   <div class='ocr_carea' id='block_1_6' title="bbox 174 3765 1454 4337">
    <p class='ocr_par' dir='ltr' id='par_1_10' title="bbox 174 3765 1454 4337">
     <span class='ocr_line' id='line_1_31' title="bbox 214 3765 1453 3848; baseline -0.002 -21"><span class='ocrx_word' id='word_1_222' title='bbox 214 3765 297 3828; x_wconf 85' lang='lat' dir='ltr'><strong>Sunt</strong></span> <span class='ocrx_word' id='word_1_223' title='bbox 322 3766 376 3844; x_wconf 84' lang='lat' dir='ltr'><strong>qui</strong></span> <span class='ocrx_word' id='word_1_224' title='bbox 402 3768 482 3829; x_wconf 90' lang='lat' dir='ltr'><strong>banc</strong></span> <span class='ocrx_word' id='word_1_225' title='bbox 507 3766 669 3830; x_wconf 88' lang='lat' dir='ltr'><strong>Prudentii</strong></span> <span class='ocrx_word' id='word_1_226' title='bbox 692 3768 835 3830; x_wconf 81' lang='lat' dir='ltr'><strong>militium</strong></span> <span class='ocrx_word' id='word_1_227' title='bbox 859 3768 986 3848; x_wconf 90' lang='lat' dir='ltr'><strong>proprio</strong></span> <span class='ocrx_word' id='word_1_228' title='bbox 1010 3785 1102 3830; x_wconf 91' lang='lat' dir='ltr'><strong>sensu</strong></span> <span class='ocrx_word' id='word_1_229' title='bbox 1127 3766 1290 3846; x_wconf 89' lang='lat' dir='ltr'><strong>accipiant.</strong></span> <span class='ocrx_word' id='word_1_230' title='bbox 1314 3765 1453 3838; x_wconf 88' lang='lat' dir='ltr'><strong>Quorum</strong></span> 
     </span>
     <span class='ocr_line' id='line_1_32' title="bbox 176 3863 1453 3945; baseline -0.002 -20"><span class='ocrx_word' id='word_1_231' title='bbox 176 3864 295 3943; x_wconf 93' lang='lat' dir='ltr'><strong>primus</strong></span> <span class='ocrx_word' id='word_1_232' title='bbox 315 3864 504 3940; x_wconf 86' lang='lat' dir='ltr'><strong>Gennadius,</strong></span> <span class='ocrx_word' id='word_1_233' title='bbox 523 3871 557 3927; x_wconf 92' lang='lat' dir='ltr'><strong>ut</strong></span> <span class='ocrx_word' id='word_1_234' title='bbox 574 3864 640 3943; x_wconf 92' lang='lat' dir='ltr'><strong>jam</strong></span> <span class='ocrx_word' id='word_1_235' title='bbox 665 3882 758 3945; x_wconf 90' lang='lat' dir='ltr'><strong>supra</strong></span> <span class='ocrx_word' id='word_1_236' title='bbox 773 3865 921 3941; x_wconf 92' lang='lat' dir='ltr'><strong>vidimus,-</strong></span> <span class='ocrx_word' id='word_1_237' title='bbox 937 3866 991 3944; x_wconf 85' lang='lat' dir='ltr'><strong>qui</strong></span> <span class='ocrx_word' id='word_1_238' title='bbox 1014 3883 1078 3927; x_wconf 83' lang='lat' dir='ltr'><strong>«eu</strong></span> <span class='ocrx_word' id='word_1_239' title='bbox 1099 3864 1212 3928; x_wconf 84' lang='lat' dir='ltr'><strong>Contra</strong></span> <span class='ocrx_word' id='word_1_240' title='bbox 1234 3863 1453 3943; x_wconf 68' lang='lat' dir='ltr'><strong>Symmachum</strong></span> 
     </span>
     <span class='ocr_line' id='line_1_33' title="bbox 176 3961 1453 4043; baseline -0.002 -21"><span class='ocrx_word' id='word_1_241' title='bbox 176 3961 331 4025; x_wconf 88' lang='lat' dir='ltr'><strong>librorum</strong></span> <span class='ocrx_word' id='word_1_242' title='bbox 356 3961 489 4025; x_wconf 90' lang='lat' dir='ltr'><strong>lectione</strong></span> <span class='ocrx_word' id='word_1_243' title='bbox 511 3963 636 4042; x_wconf 87' lang='lat' dir='ltr'><strong>agnovit</strong></span> <span class='ocrx_word' id='word_1_244' title='bbox 656 3988 686 4036; x_wconf 79' lang='grc' dir='ltr'><strong>ι,</strong></span> <span class='ocrx_word' id='word_1_245' title='bbox 707 3963 863 4026; x_wconf 90' lang='lat' dir='ltr'><strong>nescimus</strong></span> <span class='ocrx_word' id='word_1_246' title='bbox 885 3979 949 4041; x_wconf 86' lang='lat' dir='ltr'><strong>quo</strong></span> <span class='ocrx_word' id='word_1_247' title='bbox 975 3969 1074 4043; x_wconf 86' lang='lat' dir='ltr'><strong>pacto,</strong></span> <span class='ocrx_word' id='word_1_248' title='bbox 1102 3964 1251 4025; x_wconf 73' lang='lat' dir='ltr'><strong>«militem</strong></span> <span class='ocrx_word' id='word_1_249' title='bbox 1278 3962 1453 4024; x_wconf 81' lang='lat' dir='ltr'><strong>Polaticum</strong></span> 
     </span>
     <span class='ocr_line' id='line_1_34' title="bbox 174 4059 1454 4140; baseline 0 -20"><span class='ocrx_word' id='word_1_250' title='bbox 174 4061 269 4140; x_wconf 74' lang='lat' dir='ltr'><strong>[uisse</strong></span> <span class='ocrx_word' id='word_1_251' title='bbox 280 4084 291 4116; x_wconf 71' lang='grc' dir='ltr'><strong><em>ι</em></strong></span> <span class='ocrx_word' id='word_1_252' title='bbox 303 4109 309 4122; x_wconf 90' lang='grc'><strong>.</strong></span> <span class='ocrx_word' id='word_1_253' title='bbox 322 4060 432 4122; x_wconf 88' lang='lat' dir='ltr'><strong>Libros</strong></span> <span class='ocrx_word' id='word_1_254' title='bbox 444 4067 549 4123; x_wconf 90' lang='lat' dir='ltr'><strong>autem</strong></span> <span class='ocrx_word' id='word_1_255' title='bbox 561 4062 674 4126; x_wconf 84' lang='lat' dir='ltr'><strong>Contra</strong></span> <span class='ocrx_word' id='word_1_256' title='bbox 686 4060 904 4140; x_wconf 87' lang='lat' dir='ltr'><strong>Symmachum</strong></span> <span class='ocrx_word' id='word_1_257' title='bbox 917 4060 1145 4130; x_wconf 87' lang='lat' dir='ltr'><strong>accuratissime</strong></span> <span class='ocrx_word' id='word_1_258' title='bbox 1156 4060 1317 4134; x_wconf 89' lang='lat' dir='ltr'><strong>scrutanti,</strong></span> <span class='ocrx_word' id='word_1_259' title='bbox 1330 4059 1454 4121; x_wconf 95' lang='lat' dir='ltr'><strong>nullum</strong></span> 
     </span>
     <span class='ocr_line' id='line_1_35' title="bbox 177 4156 1453 4239; baseline -0.002 -20"><span class='ocrx_word' id='word_1_260' title='bbox 177 4157 400 4220; x_wconf 87' lang='lat' dir='ltr'><strong>documentum</strong></span> <span class='ocrx_word' id='word_1_261' title='bbox 424 4159 561 4221; x_wconf 86' lang='lat' dir='ltr'><strong>occurrit</strong></span> <span class='ocrx_word' id='word_1_262' title='bbox 585 4158 759 4239; x_wconf 90' lang='lat' dir='ltr'><strong>palatinum</strong></span> <span class='ocrx_word' id='word_1_263' title='bbox 784 4159 917 4221; x_wconf 90' lang='lat' dir='ltr'><strong>militem</strong></span> <span class='ocrx_word' id='word_1_264' title='bbox 941 4158 1035 4220; x_wconf 85' lang='lat' dir='ltr'><strong>luisse</strong></span> <span class='ocrx_word' id='word_1_265' title='bbox 1061 4158 1275 4221; x_wconf 87' lang='lat' dir='ltr'><strong>Prudentium.</strong></span> <span class='ocrx_word' id='word_1_266' title='bbox 1300 4156 1389 4230; x_wconf 82' lang='lat' dir='ltr'><strong>Quod</strong></span> <span class='ocrx_word' id='word_1_267' title='bbox 1414 4156 1453 4218; x_wconf 92' lang='lat' dir='ltr'><strong>ad</strong></span> 
     </span>
     <span class='ocr_line' id='line_1_36' title="bbox 176 4255 1453 4337; baseline 0 -21"><span class='ocrx_word' id='word_1_268' title='bbox 176 4255 323 4319; x_wconf 89' lang='lat' dir='ltr'><strong>militiam</strong></span> <span class='ocrx_word' id='word_1_269' title='bbox 338 4256 464 4337; x_wconf 90' lang='lat' dir='ltr'><strong>proprio</strong></span> <span class='ocrx_word' id='word_1_270' title='bbox 478 4274 571 4319; x_wconf 91' lang='lat' dir='ltr'><strong>sensu</strong></span> <span class='ocrx_word' id='word_1_271' title='bbox 586 4257 711 4334; x_wconf 87' lang='lat' dir='ltr'><strong>dictam,</strong></span> <span class='ocrx_word' id='word_1_272' title='bbox 729 4273 892 4336; x_wconf 89' lang='lat' dir='ltr'><strong>nunquam</strong></span> <span class='ocrx_word' id='word_1_273' title='bbox 912 4264 966 4320; x_wconf 89' lang='lat' dir='ltr'><strong>aut</strong></span> <span class='ocrx_word' id='word_1_274' title='bbox 985 4255 1023 4320; x_wconf 88' lang='lat' dir='ltr'><strong>de</strong></span> <span class='ocrx_word' id='word_1_275' title='bbox 1043 4257 1139 4319; x_wconf 87' lang='lat' dir='ltr'><strong>Roma</strong></span> <span class='ocrx_word' id='word_1_276' title='bbox 1157 4256 1273 4319; x_wconf 90' lang='lat' dir='ltr'><strong>diutius</strong></span> <span class='ocrx_word' id='word_1_277' title='bbox 1289 4256 1381 4330; x_wconf 88' lang='lat' dir='ltr'><strong>culta,</strong></span> <span class='ocrx_word' id='word_1_278' title='bbox 1400 4260 1453 4316; x_wconf 90' lang='lat' dir='ltr'><strong>aut</strong></span> 
     </span>
    </p>
   </div>
   <div class='ocr_carea' id='block_1_7' title="bbox 177 4451 1453 4765">
    <p class='ocr_par' dir='ltr' id='par_1_11' title="bbox 177 4451 1453 4765">
     <span class='ocr_line' id='line_1_37' title="bbox 192 4451 1451 4524; baseline -0.002 -14"><span class='ocrx_word' id='word_1_279' title='bbox 192 4451 237 4524; x_wconf 86' lang='lat'><strong>&#39;(¹)</strong></span> <span class='ocrx_word' id='word_1_280' title='bbox 254 4457 382 4523; x_wconf 70' lang='lat' dir='ltr'><strong>boscum</strong></span> <span class='ocrx_word' id='word_1_281' title='bbox 395 4458 517 4512; x_wconf 79' lang='lat' dir='ltr'><strong>divitatis</strong></span> <span class='ocrx_word' id='word_1_282' title='bbox 530 4455 634 4524; x_wconf 80' lang='lat' dir='ltr'><strong>(plebis,</strong></span> <span class='ocrx_word' id='word_1_283' title='bbox 649 4459 708 4520; x_wconf 86' lang='lat' dir='ltr'><strong>loci,</strong></span> <span class='ocrx_word' id='word_1_284' title='bbox 723 4465 804 4524; x_wconf 87' lang='lat' dir='ltr'><strong>prout</strong></span> <span class='ocrx_word' id='word_1_285' title='bbox 815 4459 881 4510; x_wconf 90' lang='lat' dir='ltr'><strong>urbs</strong></span> <span class='ocrx_word' id='word_1_286' title='bbox 893 4458 1002 4524; x_wconf 78' lang='lat' dir='ltr'><strong>defense</strong></span> <span class='ocrx_word' id='word_1_287' title='bbox 1013 4459 1153 4521; x_wconf 85' lang='lat' dir='ltr'><strong>notabilis)</strong></span> <span class='ocrx_word' id='word_1_288' title='bbox 1164 4460 1214 4509; x_wconf 85' lang='lat' dir='ltr'><strong>boc</strong></span> <span class='ocrx_word' id='word_1_289' title='bbox 1225 4472 1241 4508; x_wconf 89' lang='lat' dir='ltr'><strong>a</strong></span> <span class='ocrx_word' id='word_1_290' title='bbox 1253 4462 1377 4511; x_wconf 82' lang='lat' dir='ltr'><strong>curatore</strong></span> <span class='ocrx_word' id='word_1_291' title='bbox 1386 4457 1451 4510; x_wconf 83' lang='lat' dir='ltr'><strong>eiul-</strong></span> 
     </span>
     <span class='ocr_line' id='line_1_38' title="bbox 177 4539 1453 4604; baseline -0.003 -13"><span class='ocrx_word' id='word_1_292' title='bbox 177 4539 247 4600; x_wconf 84' lang='lat' dir='ltr'><strong>telr&#39;s,</strong></span> <span class='ocrx_word' id='word_1_293' title='bbox 260 4541 308 4604; x_wconf 87' lang='lat' dir='ltr'><strong>qni</strong></span> <span class='ocrx_word' id='word_1_294' title='bbox 321 4541 496 4604; x_wconf 86' lang='lat' dir='ltr'><strong>magistratus</strong></span> <span class='ocrx_word' id='word_1_295' title='bbox 506 4547 570 4589; x_wconf 89' lang='lat' dir='ltr'><strong>ante</strong></span> <span class='ocrx_word' id='word_1_296' title='bbox 583 4539 807 4590; x_wconf 85' lang='lat' dir='ltr'><strong>Valentinianum</strong></span> <span class='ocrx_word' id='word_1_297' title='bbox 824 4553 905 4604; x_wconf 84' lang='lat' dir='ltr'><strong>ppenr</strong></span> <span class='ocrx_word' id='word_1_298' title='bbox 922 4539 1081 4602; x_wconf 83' lang='lat' dir='ltr'><strong>exsistebat,</strong></span> <span class='ocrx_word' id='word_1_299' title='bbox 1100 4539 1250 4598; x_wconf 81' lang='lat' dir='ltr'><strong>differebat,</strong></span> <span class='ocrx_word' id='word_1_300' title='bbox 1272 4539 1344 4604; x_wconf 79' lang='lat' dir='ltr'><strong>qrrod</strong></span> <span class='ocrx_word' id='word_1_301' title='bbox 1363 4553 1415 4589; x_wconf 90' lang='lat' dir='ltr'><strong>non</strong></span> <span class='ocrx_word' id='word_1_302' title='bbox 1436 4549 1453 4587; x_wconf 88' lang='lat' dir='ltr'><strong>a</strong></span> 
     </span>
     <span class='ocr_line' id='line_1_39' title="bbox 177 4618 1451 4686; baseline 0 -18"><span class='ocrx_word' id='word_1_303' title='bbox 177 4620 301 4685; x_wconf 87' lang='lat' dir='ltr'><strong>principe</strong></span> <span class='ocrx_word' id='word_1_304' title='bbox 313 4618 361 4670; x_wconf 86' lang='lat' dir='ltr'><strong>sed</strong></span> <span class='ocrx_word' id='word_1_305' title='bbox 373 4631 389 4669; x_wconf 87' lang='lat' dir='ltr'><strong>a</strong></span> <span class='ocrx_word' id='word_1_306' title='bbox 402 4619 580 4683; x_wconf 85' lang='lat' dir='ltr'><strong>popularibus</strong></span> <span class='ocrx_word' id='word_1_307' title='bbox 591 4618 754 4683; x_wconf 85' lang='lat' dir='ltr'><strong>eligebatur.</strong></span> <span class='ocrx_word' id='word_1_308' title='bbox 766 4619 849 4684; x_wconf 83' lang='lat' dir='ltr'><strong>Cujus</strong></span> <span class='ocrx_word' id='word_1_309' title='bbox 861 4625 919 4669; x_wconf 89' lang='lat' dir='ltr'><strong>erat</strong></span> <span class='ocrx_word' id='word_1_310' title='bbox 928 4621 974 4686; x_wconf 88' lang='lat' dir='ltr'><strong>jus</strong></span> <span class='ocrx_word' id='word_1_311' title='bbox 986 4620 1091 4669; x_wconf 85' lang='lat' dir='ltr'><strong>varium</strong></span> <span class='ocrx_word' id='word_1_312' title='bbox 1104 4625 1131 4669; x_wconf 87' lang='lat' dir='ltr'><strong>et</strong></span> <span class='ocrx_word' id='word_1_313' title='bbox 1143 4620 1294 4684; x_wconf 85' lang='lat' dir='ltr'><strong>multiplex,</strong></span> <span class='ocrx_word' id='word_1_314' title='bbox 1313 4619 1341 4668; x_wconf 93' lang='lat' dir='ltr'><strong>id</strong></span> <span class='ocrx_word' id='word_1_315' title='bbox 1361 4623 1451 4668; x_wconf 84' lang='lat' dir='ltr'><strong>tamen</strong></span> 
     </span>
     <span class='ocr_line' id='line_1_40' title="bbox 178 4699 1450 4765; baseline -0.002 -15"><span class='ocrx_word' id='word_1_316' title='bbox 178 4699 250 4764; x_wconf 88' lang='lat' dir='ltr'><strong>quod</strong></span> <span class='ocrx_word' id='word_1_317' title='bbox 277 4701 405 4764; x_wconf 82' lang='lat' dir='ltr'><strong>praetorls</strong></span> <span class='ocrx_word' id='word_1_318' title='bbox 427 4699 601 4764; x_wconf 84' lang='lat' dir='ltr'><strong>municipalis</strong></span> <span class='ocrx_word' id='word_1_319' title='bbox 625 4699 752 4764; x_wconf 83' lang='lat' dir='ltr'><strong>partibus</strong></span> <span class='ocrx_word' id='word_1_320' title='bbox 769 4702 866 4750; x_wconf 88' lang='lat' dir='ltr'><strong>merito</strong></span> <span class='ocrx_word' id='word_1_321' title='bbox 885 4701 1057 4765; x_wconf 86' lang='lat' dir='ltr'><strong>aequiparare</strong></span> <span class='ocrx_word' id='word_1_322' title='bbox 1083 4700 1178 4764; x_wconf 90' lang='lat' dir='ltr'><strong>possis,</strong></span> <span class='ocrx_word' id='word_1_323' title='bbox 1204 4713 1265 4748; x_wconf 90' lang='lat' dir='ltr'><strong>enm</strong></span> <span class='ocrx_word' id='word_1_324' title='bbox 1288 4700 1450 4764; x_wconf 68' lang='lat' dir='ltr'><strong>praesertim,</strong></span> 
     </span>
    </p>
   </div>
   <div class='ocr_carea' id='block_1_8' title="bbox 134 4779 1450 4843">
    <p class='ocr_par' dir='ltr' id='par_1_12' title="bbox 75 4765 1450 4843">
     <span class='ocr_line' id='line_1_41' title="bbox 134 4779 1450 4843; baseline 0 -15"><span class='ocrx_word' id='word_1_325' title='bbox 134 4807 156 4824; x_wconf 41' lang='grc' dir='ltr'>κ</span> <span class='ocrx_word' id='word_1_326' title='bbox 177 4779 238 4830; x_wconf 80' lang='lat' dir='ltr'><strong>vivo</strong></span> <span class='ocrx_word' id='word_1_327' title='bbox 257 4779 414 4840; x_wconf 80' lang='lat' dir='ltr'><strong>Prudentia,</strong></span> <span class='ocrx_word' id='word_1_328' title='bbox 433 4784 557 4830; x_wconf 88' lang='lat' dir='ltr'><strong>recenter</strong></span> <span class='ocrx_word' id='word_1_329' title='bbox 575 4779 619 4829; x_wconf 87' lang='lat' dir='ltr'><strong>hic</strong></span> <span class='ocrx_word' id='word_1_330' title='bbox 639 4780 813 4843; x_wconf 89' lang='lat' dir='ltr'><strong>magistratus</strong></span> <span class='ocrx_word' id='word_1_331' title='bbox 833 4779 1056 4830; x_wconf 87' lang='lat' dir='ltr'><strong>aValentiniuno</strong></span> <span class='ocrx_word' id='word_1_332' title='bbox 1076 4783 1156 4842; x_wconf 81' lang='lat' dir='ltr'><strong>(enno</strong></span> <span class='ocrx_word' id='word_1_333' title='bbox 1178 4779 1233 4842; x_wconf 79' lang='lat' dir='ltr'><strong>sol)</strong></span> <span class='ocrx_word' id='word_1_334' title='bbox 1252 4783 1360 4830; x_wconf 87' lang='lat' dir='ltr'><strong>creatus</strong></span> <span class='ocrx_word' id='word_1_335' title='bbox 1382 4784 1450 4831; x_wconf 81' lang='lat' dir='ltr'><strong>eret.</strong></span> 
     </span>
    </p>
   </div>
   <div class='ocr_carea' id='block_1_9' title="bbox 177 4854 930 4922">
    <p class='ocr_par' dir='ltr' id='par_1_13' title="bbox 177 4854 930 4922">
     <span class='ocr_line' id='line_1_42' title="bbox 177 4854 930 4922; baseline -0.001 -13"><span class='ocrx_word' id='word_1_336' title='bbox 177 4854 221 4922; x_wconf 89' lang='lat' dir='ltr'><strong>(V.</strong></span> <span class='ocrx_word' id='word_1_337' title='bbox 233 4858 378 4912; x_wconf 63' lang='lat' dir='ltr'><strong>Ceciderat.</strong></span> <span class='ocrx_word' id='word_1_338' title='bbox 391 4859 450 4909; x_wconf 90' lang='lat' dir='ltr'><strong>Lib.</strong></span> <span class='ocrx_word' id='word_1_339' title='bbox 465 4862 485 4922; x_wconf 93' lang='lat'><strong>1,</strong></span> <span class='ocrx_word' id='word_1_340' title='bbox 498 4875 537 4917; x_wconf 80' lang='lat' dir='ltr'><strong>ru:</strong></span> <span class='ocrx_word' id='word_1_341' title='bbox 552 4857 612 4911; x_wconf 78' lang='lat' dir='ltr'><strong>ted.</strong></span> <span class='ocrx_word' id='word_1_342' title='bbox 629 4858 724 4911; x_wconf 79' lang='lat' dir='ltr'><strong>Tlreod.</strong></span> <span class='ocrx_word' id='word_1_343' title='bbox 737 4859 796 4908; x_wconf 86' lang='lat' dir='ltr'><strong>Lib.</strong></span> <span class='ocrx_word' id='word_1_344' title='bbox 810 4861 830 4918; x_wconf 89' lang='grc' dir='ltr'><strong>Ι,</strong></span> <span class='ocrx_word' id='word_1_345' title='bbox 845 4861 930 4922; x_wconf 76' lang='lat' dir='ltr'><strong>xxix.)</strong></span> 
     </span>
    </p>
   </div>
   <div class='ocr_carea' id='block_1_10' title="bbox 0 0 1800 5668">
    <p class='ocr_par' dir='ltr' id='par_1_14' title="bbox 0 0 1800 5668">
     <span class='ocr_line' id='line_1_43' title="bbox 0 0 1800 5668; baseline 0 0"><span class='ocrx_word' id='word_1_346' title='bbox 0 0 1800 5668; x_wconf 95' lang='lat' dir='ltr'><strong> </strong></span> 
     </span>
    </p>
   </div>
  </div>
 </body>
</html>
