3640 5670
873 503 1053 566 -lao-

519 623 639 675 Dixerat
654 623 718 676 hacc
731 625 760 676 et
773 623 842 675 laeta
855 623 997 676 Libidinis
1011 621 1180 676 interfectae.
1198 617 1318 691 (Pspclc.
1334 619 1391 691 98.)

519 721 649 784 Palpit-at
662 723 752 786 atque
765 721 849 773 aditu
861 721 1032 786 spiraminis
1045 721 1214 784 intercepto.
1230 716 1351 788 (Pspclr.
1365 715 1440 788 594.)

518 822 607 872 Pacta
620 823 665 872 est
681 820 839 884 terrigenae
851 819 956 871 domus
971 819 1058 870 unica
1069 819 1242 883 majestatis.
1260 814 1306 888 (C.
1320 813 1352 872 S.
1368 821 1391 888 l,
1406 814 1478 886 189.)

365 961 433 1024 Non
448 959 549 1024 solum
565 961 700 1042 dactylos
715 961 861 1041 spondaeo
877 959 992 1040 duplici
1016 957 1189 1039 auteponit,
1210 958 1264 1021 sed
1288 941 1443 1039 postponit
1458 975 1592 1038 quoque,

326 1060 367 1123 ita
382 1067 417 1123 ut
430 1061 646 1142 spondaeorum
662 1077 729 1141 par,
740 1058 827 1138 euasi
842 1059 1031 1138 dactylorum
1046 1064 1132 1120 motu
1143 1063 1276 1137 raptum,
1289 1075 1369 1138 pene
1380 1065 1553 1135 evanescat,
1566 1065 1597 1120 et

324 1157 412 1221 locus
427 1157 540 1238 omnis,
555 1157 578 1219 si
597 1174 722 1220 omnem
737 1157 837 1237 legas,¹
849 1157 931 1218 iuter
946 1154 1108 1218 citissimus
1122 1173 1202 1235 saepe
1221 1161 1251 1217 et
1267 1155 1401 1218 maxime
1422 1155 1596 1236 precipites

325 1256 421 1320 totius
437 1255 538 1336 operis
551 1256 602 1320 sit.
621 1255 691 1320 Sic:

520 1402 603 1455 Ultra
615 1402 794 1467 principium
806 1403 883 1454 Deus
897 1402 990 1467 egerit
1003 1403 1055 1454 aut
1069 1413 1126 1468 quo
1138 1402 1221 1466 pacto

520 1491 650 1546 Ediderit
662 1492 796 1559 verbum,
811 1493 886 1556 quod
899 1491 1041 1556 principio
1056 1494 1135 1542 caret
1148 1489 1238 1543 omni.
1255 1485 1376 1560 (Apolli.
1390 1484 1464 1558 267.)

518 1611 559 1662 Ac
571 1609 653 1662 velut
667 1609 789 1662 artificis
801 1608 919 1660 Domini
932 1621 1040 1660 manus
1053 1586 1257 1672 imperfectum

517 1699 556 1751 Os
569 1697 680 1750 dederit
694 1699 769 1762 quod
782 1696 878 1749 adhuc
891 1709 936 1749 res
950 1697 1049 1761 exigat
1061 1698 1114 1748 aut
1127 1693 1296 1760 hyacinthis

517 1786 641 1851 Pingere
654 1787 796 1840 sutilibus
809 1785 953 1838 redimitae
966 1784 1072 1838 frontis
1087 1785 1118 1837 in
1131 1798 1205 1853 arce,
1222 1781 1321 1854 (Ham.
1336 1781 1412 1852 266.)

518 1995 609 2046 Morte
623 1993 766 2046 Pudicitia
779 1991 912 2058 gladium
926 1991 1061 2043 iordanis
1076 1990 1107 2042 iu
1120 1990 1208 2044 nudis

516 2092 620 2146 Abluit
633 2092 778 2144 infectum
795 2127 1119 2144 ...................
1138 2085 1261 2160 (Psych.
1275 2085 1331 2158 98.)

516 2213 628 2264 Oceano
643 2213 672 2264 et
686 2210 769 2264 silvis
780 2213 809 2263 et
822 2209 946 2262 collibus
958 2211 989 2262 et
1000 2207 1150 2272 speluncis

486 2305 488 2308 ’
513 2309 713 2379 Fluminibus,
728 2309 839 2368 ventis,
855 2307 1023 2360 fornacibus
1036 2309 1127 2372 atque
1141 2307 1268 2360 metallis

515 2399 679 2464 Adsignare
691 2401 775 2466 Deos,
785 2434 1180 2451 .......................
1199 2393 1299 2464 (Ham.
1314 2393 1387 2464 103.)

514 2515 647 2580 Concipit
661 2529 695 2567 ac
709 2515 849 2568 membris
861 2514 1033 2568 tabentibus
1046 2513 1224 2566 interfusam

481 2659 484 2666 .
517 2615 677 2691 Participat
689 2615 724 2666 de
737 2614 807 2666 faece
819 2627 875 2689 sua
880 2650 1187 2664 ..................
1205 2607 1328 2682 (Apolli.
1342 2608 1416 2680 817.)

515 2731 617 2782 Nonne
628 2734 711 2794 pater
724 2729 851 2794 daemon,
866 2742 917 2782 vos
931 2729 1059 2796 increpo,
1072 2731 1247 2794 peccatores,
1345 2770 1351 2780 .

516 2819 681 2872 Concubitu
694 2819 792 2872 carnis
805 2831 907 2871 semen
919 2818 1051 2870 sitientis
1065 2817 1202 2882 iniquum
1239 2857 1241 2862 .

514 2911 571 2961 Vos
584 2905 706 2976 genuit‘.l
713 2945 1180 2960 ...........................
1198 2905 1299 2976 (Horu.
1315 2905 1390 2977 622.)

517 3025 714 3078 Adsciscendo
726 3025 794 3078 deos
807 3023 969 3088 majoribus
982 3023 1178 3087 incompertos

515 3117 608 3180 Seque
621 3115 777 3180 peregrina
791 3114 847 3166 sub
861 3112 1003 3178 religione
1017 3112 1139 3177 dicasse,
1155 3109 1199 3177 (C.
1215 3109 1246 3168 S.
1262 3117 1299 3182 ll,
1312 3113 1387 3184 364.)

514 3231 635 3283 Moverit
648 3230 692 3281 ira
705 3241 784 3293 penu
798 3241 850 3292 pro
863 3228 988 3293 virginis
1002 3227 1170 3281 ulciscendo

516 3321 580 3370 Non
592 3319 726 3387 memini,
741 3331 795 3371 nec
808 3318 868 3370 tale
881 3316 992 3382 aliquid
1006 3318 1052 3370 vel
1065 3317 1144 3370 fama
1157 3323 1303 3374 susurret.
1318 3316 1360 3385 (C.
1375 3315 1406 3374 S.
1422 3323 1458 3389 11,
1472 3319 1545 3386 919.)

359 3459 417 3522 Viu
433 3477 509 3542 opus
520 3467 565 3522 est
580 3461 684 3524 dicere
700 3460 731 3522 in
745 3460 888 3522 versibus
906 3459 1083 3540 spondiacis
1095 3461 1309 3541 prudentiauls
1324 3479 1436 3543 semper
1449 3469 1593 3542 quartum

321 3559 430 3638 pedem
446 3575 463 3622 e
479 3558 600 3639 dactylo
616 3565 767 3622 constare.

361 3656 525 3738 Spondiaci
542 3675 649 3721 versus
664 3665 797 3738 quatuor
812 3658 893 3722 banc
908 3658 1023 3722 babent
1039 3657 1163 3720 veniam
1179 3660 1261 3739 quod
1277 3659 1404 3726 nomina
1419 3659 1542 3741 propria
1555 3662 1594 3725 ad

320 3749 416 3820 linem
430 3757 545 3820 babent
560 3757 605 3837 (C.
623 3757 654 3819 S.
670 3757 693 3832 l,
713 3757 778 3830 ill,
796 3757 871 3833 u683
888 3756 920 3820 C.
940 3757 970 3820 S.
987 3757 1056 3829 566,
1070 3756 1153 3838 856).

361 3847 406 3918 Nc
429 3855 530 3934 plura,
556 3861 689 3934 quatuor
714 3864 837 3920 tautum
861 3856 942 3937 apud
967 3855 1170 3919 Prudentium
1191 3874 1297 3921 versus
1319 3857 1503 3939 spondiacos
1526 3857 1594 3920 siue

321 3952 425 4028 laude,
449 3953 496 4015 vel
525 3953 592 4016 sine
617 3953 720 4032 venia,
748 3961 778 4016 et
802 3971 880 4033 quos
904 3953 1123 4035 improbandos
1155 3955 1283 4018 omniuo
1305 3955 1448 4032 arbitror,
1472 3955 1594 4038 reperio

324 4051 447 4133 (Apotb.
464 4053 534 4128 864,
555 4053 647 4135 l0383
665 4053 754 4116 llam.
775 4053 846 4128 llis
863 4051 896 4116 d.
915 4051 946 4116 S.
963 4052 986 4131 l,
1001 4051 1064 4132 43).

664 4257 679 4337 S
695 4258 743 4322 Vl.
760 4291 803 4322 -.
813 4259 856 4320 Dc
871 4276 986 4322 cessuro
1000 4259 1034 4321 c'o
1054 4260 1247 4324 beamcrris.

362 4442 454 4508 Nulla
469 4461 503 4507 re
519 4444 716 4508 manilestuur
731 4445 803 4507 lecit
818 4444 1004 4510 Prudentius
1018 4463 1078 4525 qua
1096 4465 1170 4512 cura
1191 4465 1337 4514 numeros
1359 4450 1497 4534 autiquae
1513 4453 1593 4536 ¹ejus·

322 4541 393 4604 dem
422 4548 453 4602 et
480 4542 703 4622 probatissimae
731 4543 829 4607 aetatis
858 4543 1019 4607 restituere
1048 4553 1079 4607 et
1105 4563 1249 4628 reparare
1277 4549 1364 4613 ulsus
1396 4550 1501 4630 luerit,
1533 4558 1593 4616 tam

322 4639 479 4720 neglectos
493 4658 508 4703 a
524 4642 589 4704 suis
604 4642 787 4722 aequalibus,
804 4642 980 4706 christianis
991 4644 1175 4726 presertim,
1188 4647 1284 4727 magis
1296 4666 1389 4728 quarn
1404 4667 1592 4714 caesurarum

322 4757 380 4801 usu
394 4745 424 4800 et
435 4737 649 4818 dispositione.
672 4741 879 4804 Numerorum
896 4741 979 4804 euim
995 4750 1114 4807 constat
1128 4745 1315 4826 praecipuam
1338 4747 1401 4810 viru
1418 4749 1498 4828 apud
1515 4748 1594 4812 ariti-

321 4837 438 4918 quosiu
451 4837 687 4918 caesurisluisse,
701 4857 772 4926 quoe
782 4856 853 4910 cum
865 4847 965 4912 cetera
978 4848 1148 4924 mutentur,
1159 4843 1431 4930 scilicetperiodus
1441 4847 1591 4928 poeticus,
